101 053101121 0531011210207161155A094101BRANCH BANK & TRUST    BRANCH BANK & TRUST            
5200TOWN OF WADESBOR                    00        PPDUTIL BILL 020720020720   1053101120000001
6270531011215118820640       000000336715             MRS ROBERT L CLARKE     0053101120000001
6270531008501173059312       000000384918             HELEN J MAREE           0053101120000002
6270531011215118798505       000000336721             MRS MARY C WOOD         0053101120000003
6270531011215118805277       000000309723             BETTY C. LOWE           0053101120000004
6270531011215118792191       000000309734             PRESTON BURNS           0053101120000005
6270531011215118792396       000000384936             CHARLES SHELTON         0053101120000006
6270531011215195519066       000000309755             TU-PAUL COMMUNICATION   0053101120000007
6270531011215216273216       000000309764             ERIC FORBES             0053101120000008
6270531011215115063784       000000336766             ANSON ANIMAL HOSPITAL   0053101120000009
6270531008501170004578       000000269794             J B VIDEO               0053101120000010
6270531011215213856806       0000002050124            LINDA CRAIG             0053101120000011
6270531011215118831324       0000014756126            ANSON APPAREL           0053101120000012
6270531011215118826371       0000003367141            SPENCER LOWE            0053101120000013
6270531011215118801239       0000003097149            LEWIS RIVERS            0053101120000014
6270531011215118806699       0000004473173            JAMES R MORGAN          0053101120000015
6270531008501173008400       0000003849178            DAVID THOMAS            0053101120000016
6270531011215210364252       0000003873189            FULTON C ALLEN          0053101120000017
6270531008501173007037       0000003097195            RUTH G MORTON           0053101120000018
6270531008501173009956       0000003097196            THOMAS P HILDRETH       0053101120000019
6270531011215118792477       0000006053201            ROBERT B TOLLISON SR    0053101120000020
6270531011215118792477       0000010497202            ROBERT B TOLLISON SR    0053101120000021
6270531008501173015547       0000003849203            JAMES B SMITH           0053101120000022
6270531011215118834250       0000003849208            RUTH S MORGAN           0053101120000023
6270531011215118797339       0000003367212            WELLS ROSS              0053101120000024
6270531011215118796200       0000002498222            ADDISON MOORE           0053101120000025
6270531011215118826452       0000001295223            ADDISON MOORE           0053101120000026
6270531011215118800364       0000001295237            HARDIN MARTIN           0053101120000027
6270531011215118792809       0000002097248            CHARLIE BELLE BENTON    0053101120000028
6270531011215116176345       0000001295249            SUSAN MONROE            0053101120000029
6270531011215118803673       0000003330258            DANIEL & FRANCES KELLY  0053101120000030
6270531011215118804327       0000001295272            J D  & LOIS RORIE       0053101120000031
6270531008501173036217       0000003097317            WOODROW CHEWNING        0053101120000032
6270531011215216270799       0000002097330            BOB GARRIS              0053101120000033
6270531011215210364201       0000004331343            FETZER MILLS            0053101120000034
6270531011215118805986       0000001295346            MAMIE E HAMILTON        0053101120000035
6270531011215210271688       0000001295348            GEORGE & CLARICE YOUGH  0053101120000036
6270531008501173002789       0000001696350            DAVID A BURR            0053101120000037
6270531011215118813326       0000001295351            MINNIE LEE MOORE        0053101120000038
6270531011215118796294       0000005463393            BRYTE MORRIS            0053101120000039
6270531008501173032347       0000001295444            ALBERT CARTER           0053101120000040
6270531008501173004864       0000001295446            LOUISE GARDNER          0053101120000041
6270531008501173033585       0000001696477            ROY TICE                0053101120000042
6270531008501173035433       0000001696490            DAVID THOMAS, III       0053101120000043
6270531004943564102049       0000001295501            CHARLES BROWER          0053101120000044
6270531011215118801875       0000002035517            TIM KELLY               0053101120000045
6270531011215118811897       0000002097522            LEON B WADDELL          0053101120000046
6270531008501173002930       0000001696529            DON B JAMES             0053101120000047
6270531008501173010754       0000003097621            BARRY JAMES,ACCOUNTANT  0053101120000048
6270531011215118794631       0000000653628            J L HARRINGTON          0053101120000049
6270531008501173059873       0000003097652            MRS JOE ROSS BEACHUM,   0053101120000050
6270531011215118795891       0000001295672            KATE H MABRY            0053101120000051
6270531008501170002572       0000000796703            NORTH WADESBORO BAP CH  0053101120000052
6270531008501173026633       0000003097744            JAMES D LEWIS           0053101120000053
6270531011215218751948       0000003105760            MARY BENNETT LITTLE     0053101120000054
6270531011215118793635       0000004679762            J B CRIDER              0053101120000055
6270531011215118805188       0000003830766            MR J D MCLEOD           0053101120000056
6270531011215118814284       0000003097790            JIMMIE R ODOM           0053101120000057
6270531011215118803290       0000003097860            LEON GATEWOOD           0053101120000058
6270531011215118801212       0000004601863            MILDRED RICHARDSON      0053101120000059
6270531011215118794321       0000004495881            MRS. J H RUMPH          0053101120000060
6270531011215195952134       0000002557891            ALICE LINDSEY           0053101120000061
6270531008501173004223       0000011338897            LUCILLE CRUMP           0053101120000062
6270531011215118827289       0000003097911            MARY STURDIVANT         0053101120000063
6270531008501173017024       0000020203919            ST MARK'S HOLLINESS CH  0053101120000064
6270531011215118833823       0000005756945            JOHN T BENNETT          0053101120000065
6270531011215118826657       00000149181060           THE HUB GRILL           0053101120000066
6270531008501173022421       00000032111128           MRS GLENN LEWIS         0053101120000067
6270531011215118812613       00000025571240           BENNETT DEESE           0053101120000068
6270531011215118832592       00000030971241           ANSON CRISIS MINISTRY   0053101120000069
6270531011215118799366       00000030971247           C H BURNS               0053101120000070
6270531008501170008376       00000030971250           H T SHORT               0053101120000071
6270531008501170001908       00000030971254           ANSON PROFESSIONAL BLD  0053101120000072
6270531011215118814357       00000067421265           BILL WALL               0053101120000073
6270531008501173010279       00000033671267           IRENE C HORTON          0053101120000074
6270531011215211403332       00000044731270           CHARLES COLLINI         0053101120000075
6270531011215118827696       00000030971285           ANSON CO HISTORICAL SO  0053101120000076
6270531011215118792477       00000033671292           ROBERT B TOLLISON SR    0053101120000077
6270531011215118794372       00000052961300           CALLIE GRAVES           0053101120000078
6270531008501173041817       00000038491301           MRS WAYNE T SIMMONS     0053101120000079
6270531008501173003108       00000043311305           JOYCE ALEXANDER         0053101120000080
6270531008501173005613       00000067421314           H H HUNTLEY             0053101120000081
6270531011215216270934       00000010501315           H P TAYLOR JR           0053101120000082
6270531011215216270934       00000043311316           H P TAYLOR JR           0053101120000083
6270531008501173072138       00000030971330           CLARA LOWERY            0053101120000084
6272531715952100012610       00000030971336           SAM SESSIONS            0053101120000085
6270531011215118795700       00000042731343           MRS. CHARLES LITTLE     0053101120000086
6270531011215118796952       00000033671346           KERMIT PRATT            0053101120000087
6270531011215210364538       00000043311351           ANDREW MANER            0053101120000088
6270531011215118804653       00000030971352           FLEETWOOD MANER         0053101120000089
6270531008501173007539       00000026971374           SHIRLEY LAWSON RATLIFF  0053101120000090
6270531011215118793740       00000030971426           SARAH DAVIS             0053101120000091
6270531008501170008923       00000030971433           FANCY CRAFTS            0053101120000092
6270531011215214649278       00000038491454           EVELYN WILLIAMS         0053101120000093
6270531008501173004207       00000038491457           MRS NORWOOD COX, JR     0053101120000094
6270531011215216269863       00000038491465           ROBERT HUNTLEY          0053101120000095
6270531008501173009518       00000030971466           SAM HARRELL             0053101120000096
6270531008501173022093       00000030971470           CORRINE MCKINNON        0053101120000097
6270531008501173014237       00000052961471           FOYLE HIGHTOWER JR      0053101120000098
6270531011215212688446       00000061531473           ANNE LYON               0053101120000099
6270531008501173005584       00000052961474           DONALD R HUFFMAN        0053101120000100
6270531008501173014958       00000033671476           DAVID D BLALOCK         0053101120000101
6270531008501173010121       00000030971481           JUDY'S TAX SERVICE      0053101120000102
6270531011215118826371       00000030971486           LOWE'S PRINTING OFFICE  0053101120000103
6270531011215118803878       00000043311490           WILBERT MAE TEAL        0053101120000104
6270531011215118811129       00000030971493           LISA WHITE              0053101120000105
62725318453701100192161      00000030971498           ELIZABETH CAMERON       0053101120000106
62725317704908606407696      00000033671512           PAULETTE RIDLEY         0053101120000107
6270531011215118792817       00000033671515           DOROTHY BENTON          0053101120000108
6270531008501173006384       00000038491518           TOM LITTLE              0053101120000109
6270531011215118792353       00000020971548           MARSHALL RATLIFF        0053101120000110
6270531011215118792701       00000028991550           CARL BENNETT            0053101120000111
6270531011215118814640       00000016961552           MARK BENNETT            0053101120000112
6270531011215118814950       00000016961557           DONNA M BURR            0053101120000113
6270531011215118817240       00000030971565           MRS IRVIN BALLARD       0053101120000114
6270531011215118797525       00000030971585           CHARLES R SMITH         0053101120000115
6270531011215118803789       00000038491586           MACK COLEY              0053101120000116
6270531008501173004725       00000030971591           ADA GADDY               0053101120000117
6270531011215118794240       00000033671594           JOE GADDY               0053101120000118
6270531011215118794313       00000030971596           JOHN E GATHINGS         0053101120000119
6270531011215212688454       00000030971606           THE LYON CO             0053101120000120
6270531008501170003110       00000030971607           H & R BLOCK             0053101120000121
6270531011215118808519       00000043311610           ROBERT F TYSON          0053101120000122
6270531011215210364279       00000030971633           J M LILES               0053101120000123
6270531008501170003698       00000038731634           FIRST PRESBYTERIAN CHU  0053101120000124
6270531008501170004578       00000030971645           J B VIDEO               0053101120000125
6270531011215195091414       00000030971673           BILLIE O. BRIDGES       0053101120000126
6270531011215118800372       00000033671674           WAYNE KELLY             0053101120000127
6270531011215116324204       00000033671685           WILLIE T MOORE          0053101120000128
6270531011215210365550       00000030971706           EARL R COLE             0053101120000129
6270531011215118804068       00000033671712           W T KNOTTS              0053101120000130
6270531008501173018537       00000030971716           JACKSON M KNOTTS        0053101120000131
6270531008501173018406       00000030971722           ETHEL SMITH             0053101120000132
6270531011215118807652       00000014501734           FRANK RATLIFF           0053101120000133
6270531011215118796545       00000012951772           JESSIE NORTHCUTT        0053101120000134
6270531011215118799862       00000016961776           MARGARET BARBER         0053101120000135
6270531008501173004944       00000020971786           CARL GIBSON             0053101120000136
62725317704908626219561      00000012951813           FELIX L BLAKNEY         0053101120000137
6270531008501173000185       00000033671824           KENT THOMPSON           0053101120000138
6270531008501173003984       00000030971825           PAULINE CHILDS          0053101120000139
6270531011215118802243       00000030971834           EMMA LEE RAYFIELD       0053101120000140
6270531011215118794259       00000016501860           EDD GADDY               0053101120000141
6270531011215195092194       00000033671862           DAIVD & ELLEN PARKER    0053101120000142
6270531008501173006974       00000043311867           JULIA MOORE             0053101120000143
6270531008501173005648       00000052961885           KEMP HUNTLEY            0053101120000144
6270531011215118792175       00000030971907           SARA C. & W. K. AUBRY   0053101120000145
6270531011215210365895       00000030971930           SALLIE BATTOGLIA        0053101120000146
6270531011215118799366       00000038491941           C H BURNS               0053101120000147
6270531011215118826665       00000030971951           TUCKER T V              0053101120000148
6270531011215118826665       00000030971952           TUCKER T V              0053101120000149
6270531011215118828234       00000020971955           DORIS MCLENDON          0053101120000150
6270531011215212688446       00000272151961           ALAN LYON JR            0053101120000151
6270531011215118807776       00000012951976           CHARLIE PIGG            0053101120000152
6270531008501170008376       00000041321982           H T SHORT               0053101120000153
6270531011215118827998       00000012952003           FLAT ROCK BAPT CHURCH   0053101120000154
6270531011215118826428       00000148732015           MARTIN BROTHERS, INC    0053101120000155
6270531008501173002906       00000030972021           JAMES VON CANNON        0053101120000156
6270531008501173056170       00000048142025           LINDA LORBACHER         0053101120000157
6270531011215118794666       00000030972028           NELL HARRIS             0053101120000158
6270531011215118803924       00000038492029           AMOS PIGG               0053101120000159
6270531011215118824662       00000038492031           JOHN & ELISE POTTER     0053101120000160
6270531011215118794828       00000052962032           WILLIAM CLYDE HENRY     0053101120000161
6270531011215118792264       00000043312035           WILLIAM D GADDY         0053101120000162
6270531011215118805250       00000030972039           BRADFORD SMITH          0053101120000163
6270531011215118808330       00000030972059           JAY HARRINGTON          0053101120000164
6270531011215210629213       00000043312083           JOHN NICHOLSON, III     0053101120000165
6270531008501173016670       00000024982093           ALVA MAE KANTNER        0053101120000166
6270531008501173005074       00000033302113           ELIZABETH GRANT         0053101120000167
6270531008501173008507       00000024982231           BOBBY TICE              0053101120000168
6270531011215118793589       00000016962232           J J COVINGTON           0053101120000169
6270531008501173004936       00000012952233           BILLY GATHINGS          0053101120000170
6270531008501173013103       00000020972237           BARRY TICE              0053101120000171
6270531011215118802952       00000012952261           RISTON MARSHALL         0053101120000172
6270531011215216271434       00000012952264           ROBERT J HUNTLEY        0053101120000173
6270531011215118796219       00000012952271           ADDISON & MILDRED MOOR  0053101120000174
6270531011215118796219       00000041322272           ADDISON & MILDRED MOOR  0053101120000175
6270531011215118793236       00000020972312           HENRY T BYRD            0053101120000176
6270531011215116325014       00000030972509           NANCY WARREN            0053101120000177
6270531011215118794240       00000010502842           JOE GADDY               0053101120000178
6270531011215118805315       00000030972934           RAY CLAYTON             0053101120000179
6270531011215118814357       00000030973011           BILL WALL               0053101120000180
6270531011215118805838       00000030973217           CAROLYN CARTER          0053101120000181
6270531008501170001051       00000257063360           ERIC FORBES             0053101120000182
6270531011215118834781       00000012953445           LOUISE MCKENZIE         0053101120000183
6270531011215118795700       00000010503759           MRS. CHARLES LITTLE     0053101120000184
6270531008501170003698       00000055693876           FIRST PRESBYTERIAN CHU  0053101120000185
6270531011215213857314       00000030974255           BETTY LEE TYSON         0053101120000186
6270531011215118827696       00000010504361           ANSON CO HISTORICAL SO  0053101120000187
6270531011215118827696       00000010504373           ANSON CO HISTORICAL SO  0053101120000188
6270531008501173029578       00000012954565           ANN THOMAS              0053101120000189
627053104568393005429        00000029674705           WILLIAM & CONSTANCE AY  0053101120000190
6270531011215214712395       00000012954813           ERIC FORBES             0053101120000191
62725317704908606597020      00000047804859           EWELL & DOLORIS EVANS   0053101120000192
6270531011215118794828       00000010504877           WILLIAM CLYDE HENRY     0053101120000193
6270531011215118792191       00000010504961           PRESTON BURNS           0053101120000194
6270531011215118796642       00000030975121           DAVID C PARKER          0053101120000195
6270531011215210364538       00000030975139           ANDREW MANER            0053101120000196
6270531011215211392802       00000030976016           FEED MY LAMBS, INC      0053101120000197
6270531011215210364538       00000030976031           ANDREW MANER            0053101120000198
622053101121566001358        0000715575               TOWN OF WADESBORO       0053101120000199
8200000199115674914000000071557500000071557500                                 053101120000001
9000001000021000001991156749140000000715575000000715575                                       
9999999999999999999999999999999999999999999999999999999999999999999999999999999999999999999999
9999999999999999999999999999999999999999999999999999999999999999999999999999999999999999999999
9999999999999999999999999999999999999999999999999999999999999999999999999999999999999999999999
9999999999999999999999999999999999999999999999999999999999999999999999999999999999999999999999
9999999999999999999999999999999999999999999999999999999999999999999999999999999999999999999999
9999999999999999999999999999999999999999999999999999999999999999999999999999999999999999999999
9999999999999999999999999999999999999999999999999999999999999999999999999999999999999999999999
