101 053201607 0532016071208230908A094101BRANCH BANKING & TRUST BRANCH BANKING & TRUST         
5200COMMISSION OF PU                    1570443088PPDUTIL BILL 120905120905   1053201600000001
6270532018143970012958       000000220033             MCC METHODIST CHURCH    0053201600000001
6270532016070005220309365    000003728160             MARVIN HAMMOND          0053201600000002
6270532016075127532658       000001698591             MINE LODGE 117 A.F.M.   0053201600000003
6270532016075127537862       0000057275108            LEONARD BOWICK          0053201600000004
6270532016075122037985       0000011998141            A. M. BOWICK            0053201600000005
6270532016075127547450       0000008027162            DOROTHY O. MORGAN       0053201600000006
6270532016075127533557       0000100184171            BOWICK'S PRODUCE MARKE  0053201600000007
6270532018143970014833       0000009715208            JEWEL MCGRATH           0053201600000008
6270532018143970001150       0000018784214            DOROTHY BANDY           0053201600000009
6270532016075127539385       0000026321221            JOHN THOMAS MCGRATH, I  0053201600000010
6270539021978105295000       0000002517231            LILLIE B. PARSONS       0053201600000011
6270532016070005127539822    0000019879253            MICKEY GOFF             0053201600000012
627253978730200090062324     0000006116329            ROBERT A. CORLEY        0053201600000013
6270532000191005511362529    0000002909503            CLARENCE B. QUILLER     0053201600000014
6270532018143975002611       0000009512540            JAMES T. WIDEMAN        0053201600000015
6272532793457111000003124    0000013528698            J. C. BROWN             0053201600000016
6272532793457111000003124    0000003149700            J. C. BROWN             0053201600000017
6270532016070005127535231    0000025486716            RALPH LEE               0053201600000018
6270532016070005125683101    0000024737739            MARY FRANKLIN           0053201600000019
6270532018140150819879       0000023467874            PAUL LEVERETTE          0053201600000020
6270532018143970013380       0000006675907            DONNA BROOKS            0053201600000021
6270532016075127535010       0000046174998            CHARLES HEGLER          0053201600000022
6272532793457111000008065    00000335701001           ROBERT MAJOR            0053201600000023
6270532000191005513089431    00000377071171           JIMMY PREVATTE          0053201600000024
6270532016075124674230       00000213791184           REBECCA LAGROON         0053201600000025
627053904483000779294862     00000316731286           ZINGO KELLY             0053201600000026
6270532016075125968041       00000322701319           DAYATRA LETMAN          0053201600000027
6270532016075127548740       00000223741811           KATHRYN WEST            0053201600000028
6270532016075127547809       00000106541813           MRS. LEONARD M. BROWN   0053201600000029
627053201487740103885109     00000159311970           O. LEE STURKEY          0053201600000030
6270532018143970000656       00000075092237           BILL BRUCE              0053201600000031
6270532018143906110622       00000160532270           STEVE NOWLIN            0053201600000032
6270532016075122036865       00000142522289           C. B. HENDERSON         0053201600000033
6270532018143970007826       00000044292334           DORN MILL               0053201600000034
6270532018143970007826       00000006262335           DORN MILL               0053201600000035
6270532016070005221537515    00000009002452           REID WILLIS             0053201600000036
6270532016070005127535010    00000026112489           STACY HEGLER            0053201600000037
6270532016075122038086       00000028042642           DEWEY MANN JENNINGS     0053201600000038
6270532016070005221694386    00000016302669           ANN D. SEYMOUR          0053201600000039
6270532016070005125681907    00000304582934           KELLY S. COXE           0053201600000040
6270532018140116467868       00000048212958           JO S. BURCH             0053201600000041
627053201487740104211909     00000014993005           JACK FITCH              0053201600000042
6270532016075122036865       00000014233431           C. B. HENDERSON         0053201600000043
6270532016075124511595       00000082633562           MENTAL HEALTH           0053201600000044
627053201487740109713909     00000055233733           SHIRLEY D'AMORE         0053201600000045
6270532018143970012958       00000018833792           MCC METHODIST CHURCH    0053201600000046
6270532016070005124673919    00000082313822           DOROTHY CHANDLER        0053201600000047
627053206819111661401        00000420433832           UPPER SAVANNAH          0053201600000048
6272532793457111000020318    00000152513860           JEROME WILLIAMS         0053201600000049
6270532016070005124675067    00000143493908           ALICE R. GOAD           0053201600000050
6270532016070005124673919    00000069663914           DOROTHY CHANDLER        0053201600000051
6270532018143906153658       00000186073949           NEW IMAGES              0053201600000052
6270532016070005125681605    00000094044026           ELIZA B. HURLEY         0053201600000053
6270610001041000024765298    00000212004335           SABRINA FREEMAN         0053201600000054
6270532016070005127547140    00000183234444           LOU ROBERTS             0053201600000055
6270532016070005126634120    00000174394605           MICHAEL KUPINSKI        0053201600000056
6270532018143906171966       00000172664749           NICK KNUYCKY            0053201600000057
627053201487740104211909     00000334054763           JACK FITCH              0053201600000058
6270532018140165175425       00000288464804           PHILLIP L. BAILEY       0053201600000059
6270532018143900253103       00000828584949           SUBWAY/OUM HARISAI INC  0053201600000060
6272116910625081022702       00000111994964           CATHY J. SEGRESS        0053201600000061
6270532018143973004567       00000021994982           MCCORMICK HELPING HAND  0053201600000062
6270532016075127545407       00000026705017           KEEPSAKE FRIENDS        0053201600000063
6270532016070005123164018    00000143505077           JOHN MITCHELL           0053201600000064
6272532793457111000027230    00000072225132           DONNIELLE MASTON        0053201600000065
6270532077662000017509097    00000145765231           HOSPICE CARE OF SC      0053201600000066
6270532018143973004567       00000178665633           MCCORMICK HELPING HAND  0053201600000067
6270532016070005222796891    00000058775859           ROSEMARY CARDWELL       0053201600000068
6270532018143970001150       00000037255892           DOROTHY BANDY           0053201600000069
6270532018143906306667       00000186966035           CLARISSA PARKS          0053201600000070
6272532793457111000003124    00000034006054           J. C. BROWN             0053201600000071
6270532016075127534553       00000161116148           KATE B. DORN            0053201600000072
6270532016075125681605       00000081976167           ELIZA B. HURLEY         0053201600000073
6220532016075127541142       0001243437               COMMISSION OF PUBLIC W  0053201600000074
820000007405505865310000012434370000012434371570443088                         053201600000001
9000001000008000000740550586531000001243437000001243437                                       
9999999999999999999999999999999999999999999999999999999999999999999999999999999999999999999999
9999999999999999999999999999999999999999999999999999999999999999999999999999999999999999999999
