101 053105059 0531050590411081142A094101FOUROAKSBANK           TOWN OF HOLLY SPRINGS          
5200TOWN OF HOLLY SP                    1561143973PPDPAYROLL   041108041108   1053105050000001
622053100300002545968723     00002624271              CARL G. DEAN            0053105050000001
820000000100053100300000000000000000002624271561143973                         053105050000001
9000001000001000000010005310030000000000000000000262427                                       
9999999999999999999999999999999999999999999999999999999999999999999999999999999999999999999999
9999999999999999999999999999999999999999999999999999999999999999999999999999999999999999999999
9999999999999999999999999999999999999999999999999999999999999999999999999999999999999999999999
9999999999999999999999999999999999999999999999999999999999999999999999999999999999999999999999
9999999999999999999999999999999999999999999999999999999999999999999999999999999999999999999999
