101 051000033 0531036820909160841A094101FRB RICHMOND           LUMBEE GUARANTY BANK           
5200TOWN OF MAXTON                      1566001284PPDUTIL BILL 090916090916   1053103680000001
627053103682052001208        000000395311             RAY OXENDINE            0053103680000001
627053103682053039769        000000567844             HALBERT CAIN            0053103680000002
6270531011210005119649325    000000567853             OLIVER LAWS/CHURCH      0053103680000003
62705310368253040139         000000629158             EMMETT MORTON           0053103680000004
62705310368253039092         000000637066             CHARLIE MCARTHUR        0053103680000005
627053104568413000494        000000567881             BETTY HASTY             0053103680000006
627053000196000692176180     000000710585             PATSY HAMER             0053103680000007
6270531008500840003263       000002305898             PARNELL MCQUEEN/PRINCE  0053103680000008
627053104568000779738        0000006726164            GERALDINE MCLAURIN      0053103680000009
627053103682052001100        0000005678181            ANNIE HICKS             0053103680000010
627053104568413009424        0000005678188            ELLA CAIN               0053103680000011
627053104568413000028        0000003953192            JACKIE MONROEROBERT MC  0053103680000012
6270530002191048045637004    0000007225214            DON PATTERSON           0053103680000013
6270531011210005117120874    0000005678219            ANNE  EVANS             0053103680000014
6270530002192048036066201    0000005350221            SHILOH BAPTIST          0053103680000015
6270530002191048062084177    0000007331239            DAN ALLEN               0053103680000016
62705310368252000283         0000003294249            ELSIE MCINNIS           0053103680000017
627053103682053038932        0000006583254            TERRY MARSHALL          0053103680000018
6270530002191048004929559    0000005927314            STEPHEN MCBRYDE         0053103680000019
6270531045680413004961       0000005678321            AGGIE SIMPSON/NORA NOB  0053103680000020
6270530002191048083569309    0000006706326            ELLEN GRIFFIN           0053103680000021
6270531008500843078148       0000007105334            EC WRIGHT               0053103680000022
627053103682053060253        0000005678345            MILDRED APPLEWHITE      0053103680000023
627053104568411000136        0000005678353            ST PAULS METHO CH(PARS  0053103680000024
627053104568413000834        0000005678355            MARGIE SHARPE           0053103680000025
6270530002191048053705601    0000005678382            SALLY MOORE/FLORENCE H  0053103680000026
62725317704908616164931      0000007118415            MARTIN MCLAUGHLIN       0053103680000027
6270531011210005114543529    0000006473421            ELMA MCLEAN/DAVID MCLE  0053103680000028
6270530002191048043209955    0000008119433            JOHN DROSE              0053103680000029
6270530002191048033650608    0000005678436            DORIS HERRING           0053103680000030
6270530002191048095890008    0000005678443            BETTY RUSSELL           0053103680000031
6270530002192048036066201    0000003294451            SHILOH BAPTIST          0053103680000032
6270530002191047166865358    0000006698483            RICHARD SHEPPARD        0053103680000033
627053104568411000136        0000006870546            ST. PAULS UNITED METHO  0053103680000034
627053103682052020754        0000007850630            H&H DRIVE IN            0053103680000035
627253175656103000014511     0000006152652            ALBERT MORRIS           0053103680000036
627221272031126109563        0000006686654            EVA BETHEA CO/ROSEMARY  0053103680000037
62705311233033034299         0000005678656            GLADYS M DEAN           0053103680000038
6270530002191048026298200    0000006239658            WILEY STEED             0053103680000039
62725317704908630704818      0000007251674            JAMES DEAN              0053103680000040
6270531045680003533861       0000005678751            MAXTON SALVAGE/ROBERT   0053103680000041
627053103682052024881        0000003294753            MINIT SHOP OF MAXTON    0053103680000042
627053104568411001167        0000005678759            CHRIS CHESTNUT          0053103680000043
6270530002191048026713002    0000003568771            DAVID WETHINGTON        0053103680000044
6270531011215104756818       0000004019778            LAWRENCE MORRIS         0053103680000045
627053103682053059239        0000003294787            VIOLA M BULLARD         0053103680000046
627053103682052002124        0000006870822            MAXTON FULL GOSPEL CHU  0053103680000047
627053200983811254929        0000003657826            DIANNE MITCHUM          0053103680000048
627053104568293004706        0000010176981            PAUL DAVIS              0053103680000049
627053103682052020991        0000005216987            SAFEWAY MARKET          0053103680000050
6270759009731114261          0000003294999            REGAL BELOIT/OHIO GEAR  0053103680000051
6270530002191048065007216    00000056781068           MARTHA WILLIAMS         0053103680000052
627053103682053065727        00000059631080           MAGGIE HOWARD           0053103680000053
627053104568411001876        00000032941092           LILLYE DUMAS            0053103680000054
62725317704908630576051      00000057641135           BLAKE TYNER             0053103680000055
62705310368252000010         00000056781164           JH GWINN                0053103680000056
6270531045680293006806       00000061601175           ERNESTINE MCRAE         0053103680000057
6270530002191048046701308    00000058041182           WILLIAM WEST            0053103680000058
6270530002191048095657306    00000056781214           MILDRED DICKENS         0053103680000059
62705310368253040791         00000032941332           ALBERTA LOVE            0053103680000060
6270530002191048005871907    00000058201387           DORIS F ROBERTS         0053103680000061
627053103682053039599        00000066161397           VIRGINIA COLEMAN        0053103680000062
627053103682053038835        00000056781437           ELLA MCCALLUM           0053103680000063
6270420003984007220813       00000056781479           DONALD W JOHNSON        0053103680000064
627053104568293008752        00000069901512           LEIGH EDWARD            0053103680000065
627053104568413000095        00000057451663           HAROLD STEED            0053103680000066
62725317704908605995967      00000056781740           LEIGH SIMMS             0053103680000067
627053104568411000136        00000067121836           ST PAULS UNITED METHOD  0053103680000068
6270531011215199605056       00000036211858           MATERIAL HANDLINF TEC   0053103680000069
6270531104002000009459702    00000031362139           HARBOR ISLAND           0053103680000070
627053103682003089193        00000032942153           PATRICIA CHAVIS         0053103680000071
62725317704908615481935      00000056782489           ROY SCOTT RABY          0053103680000072
637053103682056010958        00000098672512           MATTIE MCPHATTER        0053103680000073
62725318453701101588053      00000056782670           MELODY MCARTHUR         0053103680000074
627053103682053062043        00000056782790           MARGARET LASALLE        0053103680000075
6270530002191047132242497    00000062873247           LORY POLSTON            0053103680000076
627021200339381004834056     00000060853305           EDDIE R TROY            0053103680000077
6272530749770002041389       00000056783546           BOBBY RAY               0053103680000078
820000007805888679290000004651950000000000001566001284                         053103680000001
9000001000009000000780588867929000000465195000000000000                                       
9999999999999999999999999999999999999999999999999999999999999999999999999999999999999999999999
9999999999999999999999999999999999999999999999999999999999999999999999999999999999999999999999
9999999999999999999999999999999999999999999999999999999999999999999999999999999999999999999999
9999999999999999999999999999999999999999999999999999999999999999999999999999999999999999999999
9999999999999999999999999999999999999999999999999999999999999999999999999999999999999999999999
9999999999999999999999999999999999999999999999999999999999999999999999999999999999999999999999
9999999999999999999999999999999999999999999999999999999999999999999999999999999999999999999999
9999999999999999999999999999999999999999999999999999999999999999999999999999999999999999999999
