101 051000033 0531036820708140952A094101FRB-RICHMOND           LUMBEE BANK                    
5200TOWN OF MAXTON                      1566001284PPDPAYROLL   070814070814   1053103680000001
62225318453701100914005      00000813291              ANGELA PITCHFORD        0053103680000001
622053103682053060628        00000663262              JACQUELINE JOHNSON      0053103680000002
62225318453701100244857      00001347903              KATRINA TATUM           0053103680000003
62225318453701101277132      00000704544              JACQUELINE ROBERSON     0053103680000004
622053201487280116248409     00000747765              MYRA JEAN TYNDALL       0053103680000005
62225318453701101208436      00000632466              RICKY BARTON            0053103680000006
622053103682052001208        00000184707              RAY OXENDINE            0053103680000007
62225318453701101485089      00000639458              SALLIE MCLEAN           0053103680000008
6220530002191048052091633    00000357409              LILLIE A. MCKOY         0053103680000009
6220531045680000779738       000001847010             GERALDINE MCLAURIN      0053103680000010
622053112495644034310        000001847011             GLADYS DEAN             0053103680000011
62225318453701101258011      000006355312             CHARLES G. BRAYBOY      0053103680000012
622053103682053033957        000011868313             PAUL MCDOWELL           0053103680000013
622053103682052003493        000007626314             JAMES KNIGHT            0053103680000014
632053103682056030622        000006950015             EVELYN WILLIAMS         0053103680000015
62225318453701100852246      000011212416             TAMMY DEESE             0053103680000016
622053103682053037057        000010988117             JAMIE OXENDINE          0053103680000017
622053103682053046625        000006963418             ANGELA FAIRLEY          0053103680000018
622053103682053058879        000005833119             PATRICIA ROBIN          0053103680000019
622053103682023017201        000006072220             STEPHANIE LOWRY         0053103680000020
632053104568417006993        000003899021             BOBBY LOCKLEAR          0053103680000021
6322531845374171696          000010013622             WILLIAM D DAVIS         0053103680000022
62225318453701100132492      000008553623             PHORCIA CHAVIS          0053103680000023
622053000196237002496210     000006805724             KIONNA WATKINS          0053103680000024
62225318453701100244494      000003295725             STEVEN JONES            0053103680000025
62225318453701101714312      000008578426             STEPHEN LASSITER        0053103680000026
6220531011215218668935       000010520027             LARRY COMBS             0053103680000027
622053103682053047621        000008916428             DARRELL H. SMITH        0053103680000028
622053103682063044595        000005657029             LAWRENCE LOCKLEAR       0053103680000029
6220531011215117488243       000009102530             LEONARD ALLEN GREEN     0053103680000030
622053103682053033604        000006802731             LARRY HAGGANS           0053103680000031
6220531011215117503110       000006747132             JAMES LOCKLEAR          0053103680000032
622053103682053060695        000005041933             JOHN HUNT               0053103680000033
632053103682056030665        000005893134             DAVID J SIMMONS         0053103680000034
622053103682053062361        000007298035             ROBERT PHILLIPS         0053103680000035
632053103682056030614        000006553736             GIOVAUGHN MCKENZIE      0053103680000036
62225318453701101239742      000008082437             SHELDON MCNAIR          0053103680000037
622053104568413005488        000007396238             RONALD CHAVIS           0053103680000038
820000003804418804650000000000000000026762771566001284                         053103680000001
9000001000005000000380441880465000000000000000002676277                                       
9999999999999999999999999999999999999999999999999999999999999999999999999999999999999999999999
9999999999999999999999999999999999999999999999999999999999999999999999999999999999999999999999
9999999999999999999999999999999999999999999999999999999999999999999999999999999999999999999999
9999999999999999999999999999999999999999999999999999999999999999999999999999999999999999999999
9999999999999999999999999999999999999999999999999999999999999999999999999999999999999999999999
9999999999999999999999999999999999999999999999999999999999999999999999999999999999999999999999
9999999999999999999999999999999999999999999999999999999999999999999999999999999999999999999999
9999999999999999999999999999999999999999999999999999999999999999999999999999999999999999999999
