101 051000033 0531036821701021024A094101FRB-RICHMOND           LUMBEE BANK                    
5200TOWN OF MAXTON                      1566001284PPDPAYROLL   170102170102   1053103680000001
62225318453701100914005      00000925121              ANGELA PITCHFORD        0053103680000001
62225318453701101575711      00000793432              JACQUELINE JOHNSON      0053103680000002
622053103682053074696        00000497883              ROSEMARY WILKERSON      0053103680000003
622053100300008655529315     00001478354              KATIE S BORDEAUX        0053103680000004
62225318453701110698908      00000780165              MYRA JEAN TYNDALL       0053103680000005
622053104568573020515        00000227256              CLEVELAND J LOCKLEAR    0053103680000006
6220530002196010252325       00000277607              JAMAAL I MCQUEEN        0053103680000007
62207397218170007154450086   00000474668              WARREN E MORRISON       0053103680000008
6220531011210005101006710    00000420339              ANTHONY D WILLIAMS      0053103680000009
6220531011210005208655509    000002747510             GARRY D TALLEY          0053103680000010
6220739721813403336300007918 000002515211             BRYAN D BRADDY          0053103680000011
63225317704900060244967      000002668712             JAYLEN D PERRY          0053103680000012
62225318453701101208436      000007249013             RICKY BARTON            0053103680000013
622053103682073046299        000008663414             PATRICK HUNT            0053103680000014
622053103682053033957        000008395815             PAUL MCDOWELL           0053103680000015
622053104568293039267        000008240316             JAMES KNIGHT            0053103680000016
6220531125921843329283       000008184017             EVELYN WILLIAMS         0053103680000017
62225318453701110533732      000016286518             TAMMY DEESE             0053103680000018
622053103682053037057        000011037619             JAMIE OXENDINE          0053103680000019
622053103682053046625        000006732820             ANGELA FAIRLEY          0053103680000020
62225318453701102126854      000006673221             STEPHANIE LOWRY         0053103680000021
62225318453701102053667      000009656022             BOBBY LOCKLEAR          0053103680000022
62225317704908639632283      000009899023             WILLIAM D DAVIS         0053103680000023
6222531845372082900          000002985924             TRENT DEESE             0053103680000024
62225317704908631452691      000008186125             MICHAEL BULLARD         0053103680000025
62225318453701102994301      000009605726             BRANDON BOUNDS          0053103680000026
6222531716215000568070       000003228227             WILLIE LEAK             0053103680000027
62225317704908637194363      000007669728             SHERMAN MCQUEEN         0053103680000028
62225317704908618232205      000006758629             DUSTIN E CAMPBELL       0053103680000029
62225317704908637479940      000001703830             BRANDY OXENDINE         0053103680000030
62225317704908629130239      000001945531             TIFFANY CUMMINGS        0053103680000031
62225318453701101158395      000015313932             DENNIS FREEMAN          0053103680000032
6220531011215117503110       000003362133             JAMES LOCKLEAR          0053103680000033
622053103682053060695        000006518634             JOHN HUNT               0053103680000034
622053103682053062361        000010250735             ROBERT PHILLIPS         0053103680000035
62225317704908635645570      000002064836             DEVIN LOCKLEAR          0053103680000036
63225318453701104108565      000006639037             GIOVAUGHN MCKENZIE      0053103680000037
62225318453701101239742      000008399038             SHELDON MCNAIR          0053103680000038
627053103682052000534        0002623284               TOWN OF MAXTON          0053103680000039
820000003906314301680000026232840000026232841566001284                         053103680000001
9000001000005000000390631430168000002623284000002623284                                       
9999999999999999999999999999999999999999999999999999999999999999999999999999999999999999999999
9999999999999999999999999999999999999999999999999999999999999999999999999999999999999999999999
9999999999999999999999999999999999999999999999999999999999999999999999999999999999999999999999
9999999999999999999999999999999999999999999999999999999999999999999999999999999999999999999999
9999999999999999999999999999999999999999999999999999999999999999999999999999999999999999999999
9999999999999999999999999999999999999999999999999999999999999999999999999999999999999999999999
9999999999999999999999999999999999999999999999999999999999999999999999999999999999999999999999
