101 053100465 5660012620210160859A094101CENTRAL CAROLINA BANK  TOWN OF LANDIS                 
5200TOWN OF LANDIS                      5660012620PPDUTIL BILL 021015021015   1566001260000001
627053100737003080145        000000868672             AUDREY CHAPMAN          0566001260000001
6270531007373203883          000000699387             BOB MORGAN              0566001260000002
627053100465282366880        0000020509105            ROGER CONNELL           0566001260000003
6270531007373190544          0000007599122            TINY BURRIS             0566001260000004
6272531705120050020002052    0000007720136            GRADY BRIDGERS          0566001260000005
6270531007373040054          0000010992146            EVA CORRELL             0566001260000006
62725108213624581            0000005329158            TRINA EDWARDS           0566001260000007
6270531007373061213          0000000715235            MARGARET CAVIN          0566001260000008
6270531007373078043          0000009443236            BILL CAVIN              0566001260000009
6270530002194000597513       0000005950253            EULA HAYES              0566001260000010
6270531007373061213          0000008937270            MARGARET V CAVIN        0566001260000011
627053100465282356793        0000026577281            TONY FITE               0566001260000012
6270531103031000002989966    0000015402289            J P MELVIN BEAVER JR    0566001260000013
6270531007373009998          0000010392290            HERMAN LIPE             0566001260000014
6270531007373066940          0000008418298            FAYE TEAGUE             0566001260000015
6270531103031062344026224    0000019095327            DONALD HEGLAR           0566001260000016
627053100465282264415        0000008606442            JUANITA H. JOHNSTON     0566001260000017
627053100737003007782        0000015964446            ELSIE B. HERMAN         0566001260000018
627053100465282286206        0000007408453            ORA LEE HANNAH          0566001260000019
62706100025692503739         0000006301606            LINDA MCKNIGHT          0566001260000020
6270531103031062846472075    0000007178616            DORA BROOKS             0566001260000021
62706100025690249            0000007031623            JAMES R LORD            0566001260000022
6272531702530108104258       0000004090726            HAROLD G LOGAN          0566001260000023
627053100465284953739        0000063591735            VFW                     0566001260000024
62706100025627222992         0000004794780            JOHN BELK               0566001260000025
6370610002566590             0000004220824            LOUISE REID             0566001260000026
6270531007373001253          0000005289834            LOLA BEAVER / GARY BEA  0566001260000027
627053100465282287614        0000008621841            FRANCES SHERRILL        0566001260000028
627253075303000003018315     0000014857842            BETSY KLIMA             0566001260000029
627053100465282287592        0000010375843            ALDEN SHERRILL          0566001260000030
6270531007373006395          0000009284854            HARRY NICHOLS           0566001260000031
6270531007373006395          0000015176855            SARA F NICHOLS          0566001260000032
62706100025693002213         0000015663858            HENRY COULTER           0566001260000033
6270610002565220             0000004978875            CALVIN S & GAYNELLE FR  0566001260000034
6270531007373049841          0000015026885            A K PATTEN              0566001260000035
627053100465282364328        0000024284912            REBECCA WOOD            0566001260000036
627053100465282786728        0000020133922            MRS MILDRED U HURLEY    0566001260000037
6270531007373759241          0000007726925            ROBERT ELLIS            0566001260000038
627053100737005005531        0000015112927            ADAM L HOKE             0566001260000039
6270531007373079139          0000011207928            RAY FLOWERS JR          0566001260000040
627053100465282288197        0000010496942            LARUE P WILSON          0566001260000041
6270531007373189562          0000016203950            WALTER RAMSEUR          0566001260000042
627053100465282288406        0000010980960            EVELYN R PRESLAR        0566001260000043
627053100465282364471        0000010366964            PAULINE PRESLAR         0566001260000044
6272531770498624072762       00000132171014           THOMAS DIXON            0566001260000045
6270531007373080404          00000082011042           LARRY JOHNSON           0566001260000046
627053104568163039054        00000061721167           HAZEL  SMITH            0566001260000047
62706100025629900601         00000132091195           HAZEL RAPER             0566001260000048
6270531103031062830173924    00000087031882           CRYSTAL L PETREA        0566001260000049
627053100465282784341        00000161881981           JERRY GARRETT, SR       0566001260000050
6270531007378085137          00000303662108           OLLIE MARTIN            0566001260000051
6270531103031010054033326    00000126852188           JOHN HELMS              0566001260000052
627053101396531013282        00000140972326           CENTRAL CAROLINA INSUR  0566001260000053
62725317704908604840680      00000081442342           JOHN HALL               0566001260000054
6270531007371000993          00000285672418           FIRST UNITED METH CH    0566001260000055
627053104568163008396        00000177492443           RICK NASH               0566001260000056
627053100737003063283        00000043262515           EDITH CLAWSON           0566001260000057
6270531007373081648          00000119952516           W C DEADMON             0566001260000058
6270531007373050475          00000071742554           CHARLIE B JACOBS JR     0566001260000059
627053100737003059022        00000104022581           FRANCES  KIZER          0566001260000060
6270531007373081729          00000074742597           RUBY L CRAIG            0566001260000061
627053112259035001399        00000181952616           JIMMY BEAVER            0566001260000062
6270531007373015335          00000071562617           LOYD S STOKES           0566001260000063
6270531007373015335          00000027282621           STOKES TRAILER PARK     0566001260000064
62725307530303028174         00000137792623           SANDRA BARRIER          0566001260000065
62725317704908629821582      00000072682644           HILDA REID              0566001260000066
62725317554600044566602      00000193722701           LEVONDA GRIFFIN         0566001260000067
6270531007373195465          00000097862705           R M BOSTIAN             0566001260000068
627053100465282261434        00000094462773           WADE MCCURDY            0566001260000069
62706100025650063502         00000047112783           FRED HAMMONDS           0566001260000070
6270531007373060829          00000110952796           W R MCCALL              0566001260000071
6270531103031062801999292    00000116842797           ALICE GOODSON           0566001260000072
6270531007372015277          00000262052798           TROY BROOKS             0566001260000073
6270531103031062860299182    00000191492808           KEITH ROACH             0566001260000074
6270531007373054098          00000087072813           G A WILLIAMS            0566001260000075
6270531103031062843016201    00000111252867           ROLAND HARRINGTON       0566001260000076
6270531103031062843016201    00000007382870           ROLAND HARRINGTON       0566001260000077
6270531007373054217          00000036302875           CHARLIE WELLMON         0566001260000078
62706100025650086844         00000033502878           CECIL PATTERSON 1952#   0566001260000079
6270531103031062345380985    00000125072890           BERTIE M. HAMPTON       0566001260000080
6270530002194002318815       00000119272911           MARGARET S. PRESSLEY    0566001260000081
6272531702530109103242       00000182602917           WILLIAM L CLARK         0566001260000082
6270531007378125023          00000088662921           RONALD COOK             0566001260000083
6270531007373182401          00000172462934           ROBERT PHILLIPS         0566001260000084
6270531007371050753          00000045683068           MARY LEE LINN           0566001260000085
6270531007373079465          00000143393078           DUARD C LINN            0566001260000086
6270531007372303774          00000420243081           RICHARD FULLER          0566001260000087
6270530002194000296322       00000130123106           PERRY FOSTER            0566001260000088
6270531012731066372029367    00000155243129           MICHAEL CAMPBELL        0566001260000089
6270531103031062820039625    00000031433152           ROBERT REED             0566001260000090
6270531007373047288          00000028063161           THOMAS DAVIDSON         0566001260000091
6270531007373002624          00000022283162           GERALD DIAL             0566001260000092
6270531103031062346079266    00000126313166           DON MCWATERS            0566001260000093
627053100737016003403        00000024793210           SANDY RIDGE SERVICE     0566001260000094
6270531007373185281          00000082863240           KATE B PATTERSON        0566001260000095
627253177285112079           00000162673247           ELMER PHIPPS            0566001260000096
6270531007373078043          00000008303275           BILL CAVIN              0566001260000097
6270531007372243012          00000241223308           ROBERT PHILLIPS         0566001260000098
6270530002194002058797       00000115093317           HARVEY TURNER           0566001260000099
6270531103031000005842932    00000086043348           ROSE FOSTER             0566001260000100
627053100737005051436        00000046883404           COY LITTLE              0566001260000101
62725317554600044072908      00000178703442           HARRY LEE CHAMBERS      0566001260000102
6272510821360000000024581    00000055073447           KATRINA EDWARDS         0566001260000103
6272531770498606343776       00000229993481           PERRY S FOSTER          0566001260000104
6270531103031062862712913    00000057123797           KENNETH M SHOEMAKE      0566001260000105
6270531122590133000489       00000138513884           TOMMY FREEMAN           0566001260000106
627253177285246822           00000105484002           PAT KLUTTZ              0566001260000107
6272531702530108103623       00000110674395           BOBBI JACKSON           0566001260000108
627053100737003182649        00000075244407           BRENDA BEAVER           0566001260000109
6270531103031062801801296    00000033194417           JERRY / DONNA EAGLE     0566001260000110
6270530001831863228351       00000108494519           R CLAYTON STEELE        0566001260000111
6270530002191010054156148    00000025455162           GROVER BEAVER           0566001260000112
6270530002194000208432       00000141315168           DARRELL OVERCASH        0566001260000113
6270531103031066234235011    00000164105259           JACK TUCKER             0566001260000114
62711192323816450418803      00000137815385           522 PROPERTIES, L.L.C   0566001260000115
6270531007373208168          00000076595402           EDITH NEWSOME           0566001260000116
6272531778325066437280       00000083805653           STEVEN W CORDER         0566001260000117
6272531778325066437280       00000009455659           STEVEN W CORDER         0566001260000118
627053100465282260158        00000149095706           JAMES E CHEWNING        0566001260000119
627053100465283066777        00000022875848           MARGARET FESPERMAN      0566001260000120
6270531007372361459          00000019635871           MARGARET SHEPHERD       0566001260000121
6270531103031062862553088    00000031435900           RANDALL GILMORE         0566001260000122
6270530001832008740372       00000141085907           M SUSAN PRUITT          0566001260000123
62711192323816450418803      00000008335984           522 PROPERTIES LLC      0566001260000124
62725317704908628982042      00000139236292           MARY MARTIN             0566001260000125
62725317704908627384497      00000146486496           JAY & SHERRY ARGABRIGH  0566001260000126
627053100465281057726        00000145156610           SILVIA OLAVAREZ         0566001260000127
627053000196000668551687     00000140246760           JAYLYN WATSON           0566001260000128
6270531016261020006000274    00000132686885           GLEN GUYAUEX            0566001260000129
6270530002191010027737743    00000174567040           PATRICIA WRIGHT         0566001260000130
62725307530303015931         00000197347277           ALVIN & LUANN BARNES    0566001260000131
62706100025627223916         00000097937285           TONY A MARLOW II        0566001260000132
6272531702530114101173       00000113137292           LANDON'S RUN            0566001260000133
627053100737002242675        00000159717387           PAMELA CULNANE          0566001260000134
6272531702530114101173       00000007157577           LANDON'S RUN            0566001260000135
6270531103031062862381810    00000122477748           KATHY S PURSER          0566001260000136
6272531770498626052722       00000161717958           CHRISTOPHR AMBURN       0566001260000137
62725317704908628982894      00000115297978           KAREN STAMEY            0566001260000138
627053100465122026106        00000078738110           KAREN WARREN            0566001260000139
62711192323816450418803      00000011468202           522 PROPERTIES LLC      0566001260000140
6270531036405660076          00000115158211           LESTER & JAVON BROWN    0566001260000141
6270531103031010037492489    00000052488448           CHRIS AMBURN            0566001260000142
6270530001836890832097       00000057608463           BEVERLY & MARK SCHNK    0566001260000143
622053100465281056274        0001617564               TOWN OF LANDIS          0566001260000144
820000014412898445680000016175640000016175645660012620                         566001260000001
9000001000015000001441289844568000001617564000001617564                                       
9999999999999999999999999999999999999999999999999999999999999999999999999999999999999999999999
9999999999999999999999999999999999999999999999999999999999999999999999999999999999999999999999
