101 053111690 0531116900302251502A094101BANK OF STANLY         BANK OF STANLY                 
5200TOWN OF NORWOOD                     0566001303PPDPAYROLL   030225030225   1053111690000001
6220531103031000001519081    00000605641              W. DWIGHT SMITH         0053111690000001
622053111690200094263        00000293102              SANDRA K. WILES         0053111690000002
6220531116900200090373       00000291513              DAVID C. FURR           0053111690000003
6220531116900200076745       00000292404              NELLIE C. THOMPSON      0053111690000004
6220531116900100074818       00000369305              PAMELA H LISENBY        0053111690000005
622053100465282881658        00000480096              RONNIE L. YARBROUGH     0053111690000006
6222531770498627783551       00000349237              CHAD S. LIVINGSTON      0053111690000007
820000000700571834560000000000000000002681270566001303                         053111690000001
9000001000002000000070057183456000000000000000000268127                                       
9999999999999999999999999999999999999999999999999999999999999999999999999999999999999999999999
9999999999999999999999999999999999999999999999999999999999999999999999999999999999999999999999
9999999999999999999999999999999999999999999999999999999999999999999999999999999999999999999999
9999999999999999999999999999999999999999999999999999999999999999999999999999999999999999999999
9999999999999999999999999999999999999999999999999999999999999999999999999999999999999999999999
9999999999999999999999999999999999999999999999999999999999999999999999999999999999999999999999
9999999999999999999999999999999999999999999999999999999999999999999999999999999999999999999999
9999999999999999999999999999999999999999999999999999999999999999999999999999999999999999999999
9999999999999999999999999999999999999999999999999999999999999999999999999999999999999999999999
