101 053100465 5660012820303310936A094101CENTRAL CAROLINA BANK  CENTRAL CAROLINA BANK          
5200TOWN OF MARSHVIL                    1566001282PPDUTIL BILL 030401030401   1566001280000001
627053100465282342526        00000195531430           LARRY SMITH JR          0566001280000001
622053100465284955697        0000019553               TOWN OF MARSHVILLE      0566001280000002
820000000200106200920000000195530000000195531566001282                         566001280000001
9000001000001000000020010620092000000019553000000019553                                       
9999999999999999999999999999999999999999999999999999999999999999999999999999999999999999999999
9999999999999999999999999999999999999999999999999999999999999999999999999999999999999999999999
9999999999999999999999999999999999999999999999999999999999999999999999999999999999999999999999
9999999999999999999999999999999999999999999999999999999999999999999999999999999999999999999999
