101 053100300 0531003000005041027A094101FIRST CITIZENS BANK    86                             
5200TOWN OF WARRENTO                    1566001362PPDUTIL BILL 000504000504   1053100300000001
628053112136146362           00000000003774           W J HARRIS              0053100300000001
820000000100053112130000000000000000000000001566001362                         053100300000001
9000001000001000000010005311213000000000000000000000000                                       
9999999999999999999999999999999999999999999999999999999999999999999999999999999999999999999999
9999999999999999999999999999999999999999999999999999999999999999999999999999999999999999999999
9999999999999999999999999999999999999999999999999999999999999999999999999999999999999999999999
9999999999999999999999999999999999999999999999999999999999999999999999999999999999999999999999
9999999999999999999999999999999999999999999999999999999999999999999999999999999999999999999999
