101 051900353 0515012990106141039A094101FIRST COMMUNITY BANK   FIRST COMMUNITY BANK           
5200TOWN OF SPARTA                      1566012899PPDUTIL BILL 010701010701   1051501290000001
6270531011215194508133       000000138313             KEITH HOWELL            0051501290000001
6270531003005216041225       000000394223             JAMES POLLARD           0051501290000002
6270531011215119212989       000000284025             MAUREEN M. FLEMING      0051501290000003
62705310073716158735         000000110055             JOHN D. GREENE          0051501290000004
6270531003005216036020       000000180066             VECIE C. YASINSAC       0051501290000005
6270531011215119206091       0000001800114            GRACE MABE              0051501290000006
6270531003005216051079       0000003816148            ROYAL CUMMINGS          0051501290000007
6270531011215119207489       0000001800150            ALTHEA MITCHELL         0051501290000008
627053100300005216066676     0000001862162            OPAL MILLER             0051501290000009
6270531003005211900019       0000001800239            PATOM                   0051501290000010
6270531003005216070798       0000002052258            PATYRAE R. BUSIC        0051501290000011
6270531011215210984110       0000001862270            JOHN B. POTEMPA         0051501290000012
62705310073716150419         0000001800275            ROBBIE CLONCH           0051501290000013
6270531011215194507641       0000002052277            CHARLENE FOWLER         0051501290000014
6272531716760050009483       0000001800279            MARIE E. TRUITT         0051501290000015
6270531016264000168414       0000001800280            ZENNA D. ROBERTS        0051501290000016
62705310073716189318         0000005138282            JOYCE MOXLEY            0051501290000017
6270531011215212503020       0000001762317            JAMES B. AYCOCK         0051501290000018
6270531011215119208140       0000001517334            GRACE B. TULBERT        0051501290000019
6270531011215119215325       0000009455342            GERMAINE M. FAULKNER    0051501290000020
62705310073716188906         0000002556367            MATTIE I. DICKENS       0051501290000021
6270531003005216014569       0000002052454            KATHLEEN EDWARDS        0051501290000022
627053100300005216015641     0000002240455            WILMA PHIPPS            0051501290000023
6270531011215119206903       0000003942457            ULUS IRWIN              0051501290000024
6270531011215119206334       0000002556526            VELMA E. VAUGHN         0051501290000025
6270531003005216052143       0000001100530            JOHN CARL HOWARD        0051501290000026
6270531011215119215112       0000001800542            JEWELL MCGUIRE          0051501290000027
62705310073716187478         0000001800544            ALTON THOMPSON          0051501290000028
62705310030005216034244      0000001800551            DENNIS BENNETT          0051501290000029
62705310073716184749         0000001800562            EDNA B. MIDDAUGH        0051501290000030
6270531118361110002639       0000001414650            PAULINE MEALS           0051501290000031
6270531003005216043773       0000002517683            ROBERT ANDREWS          0051501290000032
6270514037667100583468       0000001824688            SHELLI S. BLEVINS       0051501290000033
627253177049086-06902726     0000001800737            PAT TAYLOR              0051501290000034
6270531011215119205915       0000001027749            SYBIL PURDUM            0051501290000035
6270531003005216052231       0000005202755            JAMES BARE              0051501290000036
6270531011215119206199       0000002870779            JOHN BRADY              0051501290000037
6270531011215119207926       0000002996783            PAULINE CHURCH          0051501290000038
6270531118360011775          0000002808794            RUSSELL WOODIE          0051501290000039
6270531118360023481          0000001800795            EVERETTE C. SIMPSON     0051501290000040
62705310073716189003         0000001800796            LUCY ROE                0051501290000041
6270531011215119205958       0000001800933            NATHAN L. HEFFLEY       0051501290000042
62705310073716189532         0000001800934            VIRGINIA STEWART        0051501290000043
6270531118361110019591       0000001800938            JEWELL THOMPSON         0051501290000044
6272531716760050007800       0000001800939            LOU REID LANDRETH       0051501290000045
6270531011215119212512       00000018001047           CLYTIE REEVES           0051501290000046
6270531003005216033954       00000056421057           BILL BLEVINS            0051501290000047
6270531011215119215821       00000018001065           CARL SHEETS             0051501290000048
6270531118361107             00000018001068           EDNA RAE KING           0051501290000049
6270531003005216030075       00000018001077           EDNA CUMMINGS           0051501290000050
6270531118361110010988       00000019881080           GEORGIA L. COX          0051501290000051
6270531118360010041          00000018001089           JAMES ANDREWS           0051501290000052
6270531011215194507781       00000030601090           JAMES M. STURGILL       0051501290000053
6270531011215119215163       00000025561105           KATY F. GREENE          0051501290000054
6270531118361110000740       00000018001106           MADELINE SHEPHERD       0051501290000055
627053100737016186074        00000026181107           MACK A. CAUDELL         0051501290000056
6270531003005216034877       00000018001134           RUBY EDWARDS            0051501290000057
6270531003005216015203       00000028081135           BILL BLEVINS            0051501290000058
62705310073716186983         00000019501149           JAMES MILLER            0051501290000059
6270530002194001059161       00000019261180           PAULINE J. ELLISON      0051501290000060
6270531003005216043714       00000010271194           SANDY ASHLEY            0051501290000061
62705310073716187759         00000014621216           MABLE C. CROUSE         0051501290000062
6272531716760050002108       00000014001219           MILDRED ASHLEY          0051501290000063
6270531011215212503675       00000014001222           PAUL J. TOMPKINS        0051501290000064
6270531118361-178-3          00000041141263           ROBERT G. BRANNOCK      0051501290000065
6270531011215210984315       00000010271264           BEATRICE F. CONAWAY     0051501290000066
6270531118361110012935       00000012721274           PAULINE E. GRIFFIN      0051501290000067
6270531118361110007117       00000024461297           CHARLIE DIMMETTE        0051501290000068
6270531118360008656          00000011001407           GRACE CHOATE            0051501290000069
62705310073716157950         00000018001408           CORA LEE CHOATE         0051501290000070
627253171676600444           00000014681456           GENE R. IRWIN           0051501290000071
6270531011215119217352       00000016151606           J. HERSAL BEAL          0051501290000072
6270531011215119205761       00000018621670           MILDRED CHAPPELL        0051501290000073
627053100300000867636853     00000028891674           KEVIN WRIGHT            0051501290000074
62705310073716185795         00000011001676           FLORENCE WADDELL        0051501290000075
6270531011215119217239       00000014191679           JAMES WORRELL           0051501290000076
627053100300001118206548     00000028381807           GUY C. BALLARD          0051501290000077
6270531118361110004239       00000032321840           EDWARD L. BRADY         0051501290000078
6272531716760000600388       00000017621897           CHARLES P. LOMAX        0051501290000079
6270531118361110013610       00000018001909           LILA STEVENS            0051501290000080
62705310073716162430         00000031861961           ROGER D. & SHANNON DEL  0051501290000081
6270531118361120000748       00000041632019           GRANDVIEW FUNDERAL HOM  0051501290000082
62725317704908604697378      00000010272223           JEROME TAYLOR RODWELL   0051501290000083
6270531011215119207705       00000040682243           MARY BETH HAYES         0051501290000084
6270531003005216069551       00000090232355           TOMMY ANDREWS           0051501290000085
62725317704908605680033      00000017622421           GLENN SEXTON            0051501290000086
6270531011215194507250       00000010272422           CHARLES K. BLANCK       0051501290000087
820000008706218718970000002027220000000000001566012899                         051501290000001
9000001000010000000870621871897000000202722000000000000                                       
9999999999999999999999999999999999999999999999999999999999999999999999999999999999999999999999
9999999999999999999999999999999999999999999999999999999999999999999999999999999999999999999999
9999999999999999999999999999999999999999999999999999999999999999999999999999999999999999999999
9999999999999999999999999999999999999999999999999999999999999999999999999999999999999999999999
9999999999999999999999999999999999999999999999999999999999999999999999999999999999999999999999
9999999999999999999999999999999999999999999999999999999999999999999999999999999999999999999999
9999999999999999999999999999999999999999999999999999999999999999999999999999999999999999999999
9999999999999999999999999999999999999999999999999999999999999999999999999999999999999999999999
9999999999999999999999999999999999999999999999999999999999999999999999999999999999999999999999
