101 123456789 1234567891812170929A0941011234567890123456789012312345678901234567890123        
5200TOWN OF HAMILTON                    1123456789PPDUTIL BILL 181217181217   1123456780000001
628011991111C11345667        00000000001              D.G. MATTHEWS, INC.     0123456780000001
62800918887102389457A        00000000002              JOHN JR. & SUE SCOTT    0123456780000002
820000000200021179980000000000000000000000001123456789                         123456780000001
9000001000001000000020002117998000000000000000000000000                                       
9999999999999999999999999999999999999999999999999999999999999999999999999999999999999999999999
9999999999999999999999999999999999999999999999999999999999999999999999999999999999999999999999
9999999999999999999999999999999999999999999999999999999999999999999999999999999999999999999999
9999999999999999999999999999999999999999999999999999999999999999999999999999999999999999999999
