101 053105059 0531050590606151216A094101FOUROAKSBANK           TOWN OF HOLLY SPRINGS          
5200TOWN OF HOLLY SP                    1561143973PPDUTIL BILL 060615060615   1053105050000001
6270531011215117868593       00000049209              JIM JETTER              0053105050000001
6270531035850858117991       000000428015             BONNIE WHITEHEAD        0053105050000002
62725317704908626074737      000000492074             NORMA JEAN KIMBLE       0053105050000003
6270531050590780117306       0000006040136            JULIAN AUSBY, SR        0053105050000004
6270531035850858109203       0000008700339            MARGARET WATSON         0053105050000005
62725317549400034950300950   0000007200578            BILLY F JONES           0053105050000006
627053000196000044311611     0000006450695            TOM HOKEMEYER           0053105050000007
627053100300000868565188     0000006040812            JERRY COBB              0053105050000008
6270530002191062612005362    0000007200843            BRADFORD CRAWFORD       0053105050000009
6270530002191062612547943    0000008850855            JAMES D. CLARKE         0053105050000010
627053100300008177137181     0000006130895            JANET DAVIS             0053105050000011
627053000196000040454761     0000008450912            JACK LUDVIKSEN LOT#264  0053105050000012
627053100465172152050        0000008900925            CHARLES W. KELLY III    0053105050000013
6270531003000868343569       0000012478989            GEORGE C. SHARPE, JR.   0053105050000014
62725317549400049412800850   00000118081000           ROBERT E. WALLACE       0053105050000015
6270531011215213317204       00000082501032           MICHAEL BAILEY          0053105050000016
627044000804960121947181     00000046801096           RAY BLANER LOT#224      0053105050000017
62725317704908624476687      00000071001125           BRECK SMITH             0053105050000018
6270531104001010003132553    00000050901126           GLORIA BROOKS LOT#280   0053105050000019
6270531008505022513598       00000006501191           CAS/SUNSET RIDGE SOUTH  0053105050000020
627053000196000650393697     00000052501205           KENNETH MARTIN LOT#273  0053105050000021
627053000196000694485507     00000067001215           ROBERT DIXON            0053105050000022
6270530001960669220548       00000090501251           TROY WEBB               0053105050000023
62725317549400701935600650   00000048401261           SUSAN M. STEFFES        0053105050000024
6270530002191062613837720    00000050901266           PAUL KEADLE, JR.        0053105050000025
627053100300000867044102     00000062101267           STEPHEN WILEY LOT#402   0053105050000026
6270530002191062606221039    00000035001287           CATHERINE RUSIN         0053105050000027
6270531035850016118528       00000062001345           JEFFREY BATEMAN         0053105050000028
6270530002191060431440799    00000054001374           MARK HUDSPETH LOT#417   0053105050000029
6270531016261000289609263    00000071501397           THOMAS CONAGHAN         0053105050000030
6270531085801000000719853    00000037401429           KENNETH HENKE           0053105050000031
6270531016261010057625472    00000109181442           TED REESE               0053105050000032
6270530002191062608986822    00000079191528           JOSEPH R. FRENCH        0053105050000033
62725317549400027738400050   00000045301679           ROBERT HAUSSERMAN LOT#  0053105050000034
6270530002194002192953       00000070591794           GORDON FRYE JR          0053105050000035
6270531011215113619475       00000063001986           DENNIS DIGRAITIS        0053105050000036
6270531003000867299885       00000043902098           PETER SCHOOTS LOT#319   0053105050000037
62725317549400001713400450   00000069002119           JOHN CLAYTON LOT#231    0053105050000038
62725317549400000549000450   00000064002133           DAVID SEALE             0053105050000039
6270531035851245208898       00000080502134           RICHARD RODRIGUEZ       0053105050000040
62725317704908624564126      00000057202137           KERN ROSE               0053105050000041
627053112275033001488        00000042102194           ALAN PATTERSON          0053105050000042
6270531104001000007474968    00000049202212           JOHN CASEY LOT#211      0053105050000043
6270531011215215953590       00000049302296           DENNIS SMITH            0053105050000044
6270531011215199060351       00000062902559           ROBERT WILL             0053105050000045
6270531104001000003695220    00000113992589           ROBERT SCHROEDER        0053105050000046
62721138416226000076671400   00000068502590           JOSEPH MONTELEONE       0053105050000047
62725317704908628600913      00000079802611           JOSEPH SIGNORETTI       0053105050000048
6270531104001000000901506    00000035602629           JULIE S. LIN-BREIDT     0053105050000049
6270531104001010024846336    00000058802686           DONALD AMANN            0053105050000050
627053000196000000827618     00000075002729           MICHAEL WHITEHEAD       0053105050000051
62725317549400082621100150   00000040302924           DAVID FLEDERBACH        0053105050000052
62725317704908606864539      00000030803051           WILLIAM DONALDSON       0053105050000053
627253177117114001103481     00000039603092           ROBERT S. HASKINS       0053105050000054
62725317704908627649758      00000071003267           CAROL MOORE             0053105050000055
6270530002191062642552021    00000072003439           DIANNE BREEDEN          0053105050000056
6270531104001010057629766    00000052403442           BRUCE KEIM              0053105050000057
627253177120145000015264     00000058003445           BEVERLY RAMSEY          0053105050000058
627053000196000695164911     00000046803464           MASAYUKI OTAKE          0053105050000059
6270531011211283011573       00000048403466           SUSAN DENISE            0053105050000060
62725317549400002755700450   00000062003709           DAVID BERTRAM           0053105050000061
6270531011215114794874       00000052403718           DEBORA WILLIAMS         0053105050000062
62725317549400700577400650   00000036203734           LYNN LOFTIN             0053105050000063
6270530002194000132928       00000075003812           EUGENE HODGES           0053105050000064
62725317549400059944500050   00000059603842           TIMOTHY PERRY           0053105050000065
6270531104001000001416375    00000046803864           CARLTON LACK            0053105050000066
6270531008503203010130       00000056403908           MERI DEMCOVICI          0053105050000067
62725317549400010209402250   00000059603926           STEPHEN BOWENS          0053105050000068
62725317549400046534100250   00000059604019           JEFF HAGGAR             0053105050000069
6270530002191063552021337    00000050104021           PETER MEYERS            0053105050000070
6270530002191062643209195    00000054804166           NEIL HARRIS             0053105050000071
6270531035850016100889       00000006504257           CRYSTAL WOMBLE          0053105050000072
627053112356012025938        00000006504481           AVENT ACRES HOA S/S     0053105050000073
6270531104001010005279184    00000050004519           AMY FISHER              0053105050000074
62725317549400065928421650   00000059604580           KEN MACIOR              0053105050000075
627053112275023006661        00000087194594           ALEX GUESS              0053105050000076
62725317704908624426081      00000047604601           JOHN LEWIS              0053105050000077
627053112275023004294        00000116884684           JOHN WOOD               0053105050000078
6270531008505022513598       00000006504694           CAS/ SUNSET RIDGE SOUT  0053105050000079
62725317549480000274710014   00000048404782           ELEANOR CLARKE          0053105050000080
6270531011215210636007       00000036804806           LAVON MISSELL           0053105050000081
6270531008500217545193       00000049204890           SUSAN LEAGUE            0053105050000082
627053100300000867099576     00000193684898           MARK PISANO             0053105050000083
627053100465172152666        00000112084906           RICHARD KRISTOF         0053105050000084
6270531035850016049411       00000044404931           DELORES WILSON          0053105050000085
62725317549400007005200250   00000071504984           CRAIG & SYLVIA NYGARD   0053105050000086
627053100465172203233        00000056504985           PETE MORRISON           0053105050000087
62725317704908629474170      00000052405014           J. STEVEN LEE           0053105050000088
6270531035851615204088       00000060505031           LAWRENCE FLESZAR        0053105050000089
627053000196000668364382     00000130775135           PAUL & BARBARA HAGAN    0053105050000090
6270531011215117882979       00000088505155           JAMES PICKET            0053105050000091
6270531011215214762406       00000074005182           JEFF KEITH              0053105050000092
62725317704908614004723      00000055705196           BECKY RENFROE           0053105050000093
6270531035850016049411       00000033805235           DELORES WILSON          0053105050000094
6270530002191020003882288    00000110385269           RURICK KELLERMANN       0053105050000095
6270531011215199524846       00000093005270           CANDACE & TIMOTHY RICH  0053105050000096
627053100465172202188        00000061205296           LESLIE ARNOLD           0053105050000097
6270531011215210637119       00000174685349           GREG KELLEY             0053105050000098
62725317704908627267960      00000056405419           ALISON A. MAXWELL       0053105050000099
6270530002191060415881183    00000079005421           MIKE & DENISE WYANT     0053105050000100
637253177832856000           00000083005448           MEREDITH BAREFOOT       0053105050000101
62725317704908626466685      00000043605547           KARLA FAULK             0053105050000102
6270531011215211076005       00000030805551           EDITH RAETHER           0053105050000103
627253177120145000018656     00000064505571           KEVIN & JILL LEITE      0053105050000104
627053000196000694725966     00000037405585           MARY MASTER             0053105050000105
627053100465172266945        00000096505625           BOB MONTEVERDI          0053105050000106
627253177117114000457183     00000102005647           DAVID AHLERS            0053105050000107
6270531008500218230757       00000085005713           MATT JOHNSON            0053105050000108
6270531104001010007345281    00000161985732           JOSEPH WIDMANN, JR      0053105050000109
62725317549400077435500850   00000077505735           ANDREW FLANAGAN         0053105050000110
6270530002191062692915427    00000213285791           MARQUE WOTNOSKY         0053105050000111
6270531011215211479983       00000060405792           SWAPNA GANGOPADHYAY     0053105050000112
62725317549400094460202450   00000073005904           STEVEN HOLLY            0053105050000113
62705311235612028924         00000006506027           SUNSET RIDGE NORTH HOA  0053105050000114
6270531104001020005207049    00000053206040           BERL BARTLEY            0053105050000115
6270531008505022513598       00000006506179           CAS/SUNSET RIDGE SOUTH  0053105050000116
6270531016261000569100563    00000037406339           MICHELE LYNN LACATENA   0053105050000117
627053112275023005747        00000075996343           BRIAN & KAREN WOOMER    0053105050000118
6270531008505022513598       00000006506362           CAS/SUNSET RIDGE SOUTH  0053105050000119
62725318453701100426909      00000070006389           GARY KOBLICH            0053105050000120
627053904483746055012        00000333786480           THE HOLLAND COMPANY     0053105050000121
62725317704908624948349      00000033206624           GLEN ARTHUR             0053105050000122
627253177117114000384272     00000074006648           ED & KATHY BARROWS      0053105050000123
62725317704908606977277      00000059606690           PATRICK & MARIE BERRY   0053105050000124
627053100300000001032978     00000067006702           JULIO COLON             0053105050000125
6270530002191063591559459    00000098006748           MICHAEL ONEILL          0053105050000126
6270531011215213186967       00000049306751           JOHN & KATHIE SEBASTIA  0053105050000127
6270531004654309595          00000094616945           RENEE M. WEST           0053105050000128
627253177117114000512387     00000042806992           DAVID B. TULLOH         0053105050000129
62725317549400062013900250   00000050907084           DONET & CROL BELASCO    0053105050000130
627053100300003849734887     00000067597085           BRIAN & ERIN BAUER      0053105050000131
627053100300007215251327     00000068507278           ROBERT & TRICIA EIMERS  0053105050000132
62725317704908625625808      00000039607285           BRENDA PRIEST           0053105050000133
62725317704908624524108      00000065007294           HOWARD & JANE KROVETZ   0053105050000134
6270531035851145221224       00000060407311           SHELLY & STEVEN GULLIV  0053105050000135
6270530002191015021548072    00000065007317           BOONE DAVIS             0053105050000136
62725317704908626002557      00000076007333           DAN & KIMBERLY HENRY    0053105050000137
6270530002191036021633885    00000077007387           BRYAN PHELAN            0053105050000138
62731407426929775981         00000158887390           MANUEL SALGUERO JR.     0053105050000139
627055002707807637335        00000097007490           JOSEPHINE SMITH         0053105050000140
6272410703941593052455       00000056407510           DAVID R KWERAM          0053105050000141
627053000196000689062278     00000054807537           WILLIAM WEBER           0053105050000142
6270530002191033511696490    00000031407544           GLADYS BREMER           0053105050000143
62725317704908630060768      00000067707589           DONN & NORA WARD        0053105050000144
6272560749741427056708       00000042807605           QUINCY & AMY MARSHALL   0053105050000145
6270530002191062676171368    00000030807638           MARILYN MANTIPLY        0053105050000146
6270531004650000172231877    00000042007725           WILLIAM F. MOONEY       0053105050000147
627053000196000651657459     00000061207816           RICHARD J. JANIK        0053105050000148
62725317549400039588300850   00000081697970           KENNETH HAMILTON LOT#2  0053105050000149
62725317549400702682700750   00000039607987           WILDA FREEMAN           0053105050000150
6270531008500300043635       00000120487989           DALE HAYES              0053105050000151
627053112356012025938        00000032508102           AVENT ACRES HOA         0053105050000152
62706100025674466738         00000033808127           HOLLY LYNN HILL         0053105050000153
62725317704908625860920      00000069008161           KARA STAFKEY            0053105050000154
6270531008500300061999       00000031408240           JERRY SAWYER            0053105050000155
627311992904000237784        00000044408242           MELONIE G. MONROE       0053105050000156
62725317704908626386167      00000072008405           MELISSA RICHER          0053105050000157
62725317549400000431060011   00000054008437           WESLEY L VAUX           0053105050000158
6270531011215116866333       00000046008464           CHARLES KESHLER         0053105050000159
627053100300008177081448     00000065008521           JAMES R. BAUER          0053105050000160
62725317704908625626309      00000057208551           WILLIAM G. JOHNSTON     0053105050000161
627053000196000040315426     00000062008558           DONNA & MARK CURTIS     0053105050000162
6270531104001010016386341    00000039608567           ROGER M. BENEFIELD      0053105050000163
627053100465172013439        00000055708612           ISAIAH & JOCELYN THORN  0053105050000164
62725317704908628795829      00000044408615           ED & BECKY BURT III     0053105050000165
627053000196000694003691     00000057208646           TODD DYCHES             0053105050000166
627053000196000653247977     00000055608669           CRAIG WHITE             0053105050000167
6270531122880100909          00000058508701           RICHARD G. PIERCE       0053105050000168
62725317704908626656091      00000031408776           JOANNA FORESTR          0053105050000169
62725317704908627489061      00000066008789           BULMARO E. AYALA        0053105050000170
6270310005031000164138037    00000058008791           LEONARD SCHILLING       0053105050000171
6270531008500300066415       00000066908985           CONNIE WITHAM           0053105050000172
627053100300000137291343     00000047708994           CHARLES PHELAN          0053105050000173
6270531011215110703718       00000040409031           RAMON M. SUNDQUIST      0053105050000174
6270531008503213058875       00000073009073           KRISTI BINGHAM          0053105050000175
62725317704908614412612      00000062209113           AMY & MATTHEW RICE      0053105050000176
62725317704908605573254      00000050009114           DANA & LINDA SHEA       0053105050000177
62731407426907398999         00000074009140           JOHN PREBLE             0053105050000178
6272560749740099449704       00000033809178           WILLIAM CONLEY          0053105050000179
627053100300000868013447     00000035609205           ROSETTE ESSO            0053105050000180
6270530002191062664049088    00000031409225           MIKE W. PARIS           0053105050000181
62725317704908606991140      00000031409252           MELANIE A. JOHNSON      0053105050000182
627053000196000651518679     00000038809255           DAVE TREVOR             0053105050000183
6270530002191036011748201    00000081009256           SARAH SCOLLON           0053105050000184
6270531008501293040632       00000058009281           CLECIA & MICHAEL FRY    0053105050000185
627053000196000653350660     00000060509359           WILLIAM A. TODD         0053105050000186
62725317704908625132712      00000038009468           KATHY HAMILTON BROWN    0053105050000187
62725317704908606735278      00000077009485           THOMAS & REGINA ATKINS  0053105050000188
62725317549400043525400450   00000059609486           TERRANCE GILL           0053105050000189
627053100465172203816        00000064009559           KIM & KEVIN COLEMAN     0053105050000190
62725317704908604485834      00000030809562           LINDA WALL              0053105050000191
6270530002191010129032252    00000070009600           JAMES & JEAN CORRADINO  0053105050000192
627053000196000657840542     00000050809602           KENNETH R  HARTWICK     0053105050000193
62725317549400063848321050   00000049209637           RICHARD TATEM           0053105050000194
62725317549400027574700050   00000040409683           LARRY QUEEN             0053105050000195
6270531011215194822067       00000062009692           EDWARD C. PIERIE        0053105050000196
6270531011215194196123       00000041209715           RON & ANN HOUSTON       0053105050000197
6270531016261010116812809    00000091009750           JEANNETTE ARROYO        0053105050000198
6270531011211013398026       00000083509760           JAMES T. KAUFFMAN       0053105050000199
6270530002191086158003532    00000037409771           ROBIN R. TROUT          0053105050000200
6270531011215119966789       00000046009794           ALLYSON LAWRENCE        0053105050000201
62725317704908627453202      00000039609800           STANLEY M. EASON        0053105050000202
62725317549400064454900450   00000169889891           STEVEN POLGE            0053105050000203
6270530002191062646819540    00000033809918           STEPHEN BRATCHER        0053105050000204
62725317704908628628860      00000053209959           JOHN POWELL             0053105050000205
6270531011215114369960       00000042009985           ANGELA HEINZE           0053105050000206
627053100465422253275        000000332010002          SHERI U. SHOWALTER      0053105050000207
627053000196000690072406     000000314010076          JASON EDGAR             0053105050000208
6270531011215210638247       000000154010097          ROLEMODEL SOFTWARE, IN  0053105050000209
6270531011215210638247       000000154010098          ROLEMODEL SOFTWARE, IN  0053105050000210
6270531008505022513598       000000065010099          CAS/SUNSET RIDGE SOUTH  0053105050000211
6270530039315116788057       000000770010100          BOB & LISA VON SPRECKE  0053105050000212
6270531104001020001573272    000000805010119          ROBERT BERNINGER        0053105050000213
627053000196000303641815     000000735010128          TERRY KANZIGG           0053105050000214
6270531008500302021181       000000170010144          CIRCUIT TECHNOLOGY, IN  0053105050000215
6270531008500300063791       000000224010233          MARY MACDONALD          0053105050000216
627053000196000669938775     000000477010346          TIMOTHY D.A. GRANT      0053105050000217
62731407426909245138         000000650010355          ERIC GRUNDEN            0053105050000218
62725317549400001549280012   000000452010391          WILLIAM COZZENS         0053105050000219
62725317549400703857400150   000000540010413          JENNIFER CATANESEBARRY  0053105050000220
6270530002191015051399628    000000660010417          JEAN & MICHAEL HULLIGA  0053105050000221
62731407426908460094         000000800010443          JOEL C. HOLLIDAY        0053105050000222
62725317549400029926902350   000000540010478          DAVID & LINDA BOGGS     0053105050000223
6270510014141062817393073    000000460010502          TOD KISNER              0053105050000224
6270531104001010041464348    000000900010520          KAREN LAWRENCE          0053105050000225
6272560749740460847700       000000308010537          JO A. FLACK             0053105050000226
627253177117114000445386     000000500010616          EARL P. MILLER          0053105050000227
6270531104001010037121174    000000350010641          SHEILA WALTERHOUSE      0053105050000228
6270531004650000152196246    000000509010675          MATT STEFANOWICZ        0053105050000229
6270531104001010005760716    000001576810717          THOMAS TANKELEWICZ      0053105050000230
62725317704908630542652      000000548010765          MANDY A. SCHLADWEILER   0053105050000231
62725317704908606153841      000000517010835          PATRICIA WICKHAM        0053105050000232
6270531008500300084576       000000630010910          JON AND LYNN KERIN      0053105050000233
62725317704908629043784      000000332010916          DELLIBABU DORAIKANNA    0053105050000234
62725317704908628458427      000000548010954          SAM & MARY RIZKALLA     0053105050000235
6270530002191062671484801    000000960010993          DONNA MCQUAY SMITH      0053105050000236
62731407426905429390         000000650010995          W.SCOTT & LINDA SAUNDE  0053105050000237
6270531104001010018446661    000000524010997          ANDREA N. BIRD          0053105050000238
6272630898000679704          000000548011014          BRAD BOLAND             0053105050000239
627053112275053003018        000000580011021          SANDRA FARR             0053105050000240
6270531011215212121446       000000690011027          JASON HARVARD           0053105050000241
62725317549400702920600150   000000825011096          DONALD C. BLISS         0053105050000242
627053100300007215495786     000000660011198          MARK BEANE              0053105050000243
6270530001960040479990       000000588011200          BRADLEY & JANET JOHNSO  0053105050000244
6270531008503203006107       000000700011225          MICHAEL S. NATIVI       0053105050000245
627053112275023005556        000001079811235          KENNETH & TERRI BISHOP  0053105050000246
627314074269009-3010-5       000000620011261          JAMES T. ISACCO         0053105050000247
627053000196000650132454     000000368011296          JESSICA FRALEY          0053105050000248
6270530002191062627714703    000000580011327          JOHN W. POUCHER III     0053105050000249
62725317549480000058240014   000000362011330          CHARLES A.  BROKMANN    0053105050000250
6270531016261010115385298    000000484011368          JULIE ALLEN             0053105050000251
627253177117114000863081     000000468011440          RAY & LINDA MESSER      0053105050000252
6270531121360401005962       000000428011447          SANDRA K. HENKE         0053105050000253
62725317704908625269137      000000532011458          KYLE & GABRIELA HOGUE   0053105050000254
6270531011215115214782       000000460011477          ANNETTE ROSE            0053105050000255
62725317704908625244968      000000350011492          ELIN M. NEWTON          0053105050000256
6270531050590780048706       000000580011534          WILLIAM & JANEEN SUTTO  0053105050000257
6270531016261010116172921    000000629011537          ERIKA CANADY            0053105050000258
62731407426915313654         000000556011543          SUSAN JANCUSKI          0053105050000259
6270531085801010012817487    000000461011553          JEFFREY A. BROWN        0053105050000260
627053100300008177128947     000000356011571          SHARON GERMAN           0053105050000261
6270631075131148952358017    000000452011572          RECHAD H. CASSIM        0053105050000262
6272313822410041476284       000000396011590          DAVID R. RADLIFF        0053105050000263
6270531011215115763972       000000830011592          JUDITH M. DILLMAN       0053105050000264
62725317704908630382281      000000468011624          BRENT HUBBELL           0053105050000265
6270531008503213016907       000000640011628          DANIEL PREISACH         0053105050000266
6270531011215198024645       000000476011629          LORI LINFANTE           0053105050000267
62731407426900401501         000000860011638          KEVIN DONOVAN           0053105050000268
6270530002191062664982093    000000750011703          PAM SIMMONS             0053105050000269
62725317704908605048396      000000605011710          BETSY LEE PETERS        0053105050000270
62725317549400700854700350   000000468011720          ANDREA DANIEL           0053105050000271
62725317704908624945842      000001020011779          NANCY SODANO            0053105050000272
62725317549400700588500050   000000556011811          MARCELO PAPARELLA       0053105050000273
6270530002191063521511302    000000572011826          ANDREW G. BIXLER        0053105050000274
62725317704908614452972      000000452011831          DANA VAUGHN             0053105050000275
6270532077661010036236086    000000412011851          PAUL ANDERSON           0053105050000276
627053000196000690296253     000000730011852          TIM & LAURA POLLACHIOL  0053105050000277
6270530002191082286625954    000000705011854          FRANK & JENNIFER BELOT  0053105050000278
627053000196000695631855     000000597011856          JOHN LALOR              0053105050000279
62725317704908625589288      000000580011883          TOM & LEYLA WILSON      0053105050000280
62731407426917168600         000000260011888          RICHARD & MICHAEL FONT  0053105050000281
6270530002191015051166877    000000484011948          JOHN COOPER             0053105050000282
62725317704908629200911      000000700011962          DANIEL ZOLLER           0053105050000283
6270530002191010062161963    000000444011964          DEBRA A. JONES          0053105050000284
6270531104001010037113548    000000525012104          MARY BETH FOIL          0053105050000285
6270530002191062621780403    000000344012115          TERESA M. BAILEY        0053105050000286
6270530002191010069094994    000000410012153          TIMOTHY MCNULTY         0053105050000287
627053000196000636022551     000000532012165          GREG JAMES              0053105050000288
627053100300000867506434     000000660012183          JON NORRIS              0053105050000289
6270531035851245215879       000000548012236          JOHN BLOOM              0053105050000290
6270530002191033531295826    000000374012244          GARY PELLETIER          0053105050000291
6270530002194002057268       000000452012255          WOLFGANG & INGE MUELLE  0053105050000292
627053100300004357963811     000000581012270          JACQUELINE L. ALLISON   0053105050000293
627053100465171079297        000000508012302          BRYAN WAAS              0053105050000294
6270531008500300125913       000000765012325          CYNDY SANDERS           0053105050000295
62725317704908630667594      000000900012341          JOAN TODD               0053105050000296
627053000196000040320947     000000890012378          CHARLES BURGWYN JR.     0053105050000297
627053100300000348830578     000000660012396          KIM SPEARMAN JAMES      0053105050000298
6270531035850011005858       000000205012421          CHURCH OF ST PETER CON  0053105050000299
627272078365000312792        000000065012426          BETTY J RICE MOORE      0053105050000300
6270531011215118316446       000000524012428          CHRISTOPHER REICHART    0053105050000301
62725317704908628993761      000000468012469          VIOLET SUE LEE          0053105050000302
6270310000537021278127       000000653012479          MARC ALUMBAUGH          0053105050000303
62725318453701100528622      000000362012531          KAREN MATTHEWS          0053105050000304
627051000017004110022770     000000284012533          LILBURNE SHEATS         0053105050000305
6270530002191062628566950    000000780012542          PATRICK & BETTY HART    0053105050000306
627053100465172289682        000000444012553          OLAYINKA BELLO          0053105050000307
627053000196000650291269     000000650012584          APRIL EDWARDS           0053105050000308
6270531104001010052977086    000000368012672          JULIA L. HAYES          0053105050000309
62725317549400700993400250   000000640012700          RAYMOND & SUSAN KELLEY  0053105050000310
6270530002194000916139       000000760012716          LINDA ZAZZERI           0053105050000311
6270531104001010052979657    000000412012753          SAMUEL J.W. BENNETT     0053105050000312
6270530002191015081023731    000000564012757          TODD & DEBBIE BOONE     0053105050000313
62725317704908627834240      000000556012781          WILLIAM & SCARLETTE DA  0053105050000314
627053000196000040334187     000000344012786          BRIAN LYNE              0053105050000315
6270531035851145206526       000000532012819          JOANTHAN SCHROER        0053105050000316
62725317549400025099222550   000000376012820          CHRIS M. JONES          0053105050000317
6270531016261010103227449    000000412012841          PATRICIA HARGETT        0053105050000318
627053000196000650393986     000000660012870          GREG & JULIA ACKERMAN   0053105050000319
6270560076041050000415437    000000613012875          COLLEEN DONCHUE         0053105050000320
627053000196000651657750     000000640012933          WILLIAM T. SMITH        0053105050000321
6270531035850850805247       000003225812959          SAVANNAH SQUARE IV CON  0053105050000322
627053000196000694003235     000000427012966          DANIEL THOMAS           0053105050000323
627051401836008920647233     000000415013040          JOSEPH E. HIGGINBOTHAN  0053105050000324
627053100465422277783        000000705013079          STEVE F. & ANGELIQUE H  0053105050000325
6270531050590780108406       000000572013102          LAURIE ELDER            0053105050000326
62725317704908628777823      000000605013223          CHRIS & SHELLY DOBEK    0053105050000327
6270531011215196917618       000000556013229          JAMES SIMMONS           0053105050000328
6270531011215216498072       000000685013258          STEVE & LISA NATICCHIO  0053105050000329
62725317704908627410528      000000572013275          CHARLES DEWEY           0053105050000330
62725317704908627834443      000000460013277          THOMAS & LINDA SWANN    0053105050000331
6270531035851027014982       000000516013324          SUSAN STAHL             0053105050000332
6270531008500423177879       000000540013342          ROBERT BRIDGERS         0053105050000333
6270530002191062604854602    000000218013349          KEVIN KIRBY             0053105050000334
627053100300008177129499     000000596013377          J. DAVID STIKE          0053105050000335
6270531035850858116470       000000605013383          ROBERT & JULIET DEMONT  0053105050000336
62725317704908624057992      000000588013415          TOM O'NEAL              0053105050000337
6270531008505022513598       000000065013423          CAS/SUNSET RIDGE SOUTH  0053105050000338
6270531104001010052978412    000000710013493          RANDY LAWSON            0053105050000339
627053000196000690192645     000000428013535          SU,CHIN-SHU             0053105050000340
62725317704908628626662      000000314013580          ADAM SPACH              0053105050000341
627053000196000694827592     000000492013704          KEVIN HORSMAN           0053105050000342
62725317549400200072721650   000000524013709          JAMES BOGNAR            0053105050000343
627053100465422545809        000000650013714          DWAYNE DREAKFORD        0053105050000344
6270531011215198419542       000000476013722          VICKIE THOMPSON         0053105050000345
62725317704908625515326      000000588013723          JAMES SCOTT DAGGERHART  0053105050000346
627053100465152177447        000000380013734          DANIEL E. PETERS        0053105050000347
62725317704908630625749      000000468013744          MARYBETH VANSTON ZDEB   0053105050000348
6270531104001000004273586    000000801913768          DOMINIC & CINDY SHEDRI  0053105050000349
62725317704908629363817      000000540013823          HEATHER & BILL VINSON   0053105050000350
62725317704908629607834      000000400013824          BRUCE W.& SHERRY L. HY  0053105050000351
6270530002191062667379690    000000492013839          MIKE KIRBY              0053105050000352
62725317549400702540600150   000000508013851          DR. JAMES WEHRLI        0053105050000353
6270531011215113618320       000000602913897          SCOTT SHANKLIN          0053105050000354
627265577585900007009921     000000404013905          DENNIS & MARGARET CRAB  0053105050000355
627053112275053000485        000000492013906          BRANDI MCCONNELL        0053105050000356
62725317704908624571908      000000460013930          PHILLIP HILTON          0053105050000357
6270531011211473021605       000000368013974          ARTHUR O. PETERSON      0053105050000358
627053100465542029932        000000637013988          R.C. TALTON             0053105050000359
62722128351295668000008466   000000612013992          LAURA LACATENA          0053105050000360
62731407426901715771         000000556014004          ANDERS E. FLODIN        0053105050000361
6270530002191062641863601    000000580014079          LACIE J. ACKLES         0053105050000362
6272720782680003306986       000000476014091          FRED & DIANE FELDMEIER  0053105050000363
6270530002191086106099792    000000476014093          PATSY & JOEY MILES      0053105050000364
6270531008500302022395       000000860014124          SITE RESOURCES INC      0053105050000365
62725317704908628316170      000000612014133          JUDY THURSTON           0053105050000366
6270531011215199732090       000000588014139          LAURIE BARTNETT         0053105050000367
6270531035850317024654       000000604014172          DAVID ROYAL             0053105050000368
62725317704908625525225      000000194014187          STEPHANIE ALLEN         0053105050000369
6270531016261010053265784    000000517014232          RANICIA RODGERS         0053105050000370
6272560749742136548712       000000380014256          KURT & KELLY BRADBURY   0053105050000371
627021001486103393443        000000612014272          AURA F. GIRALDO         0053105050000372
62725318453701170002626      000000516014274          BRIAN SAUNDERS          0053105050000373
6270531011215198423892       000000720014299          DIXIE L. SHERMAN        0053105050000374
6270531011215198258220       000000388014354          KAREN M. BOUDILI        0053105050000375
6270531008500704363176       000000388014370          MICHAEL MCBRIEN         0053105050000376
627253177117114001143881     000000950014395          STEVEN MCNULTY          0053105050000377
62725317704908630484034      000000564014401          SONIA DOSS              0053105050000378
6270531011215198178537       000000158014434          ALISTAIR & RACHEL MACK  0053105050000379
62725317704908606757573      000000820014467          WILLIAM BANKS           0053105050000380
62725317704908630013435      000000770014471          MICHELE M. LACASSE      0053105050000381
6270530002191015031493065    000001015014474          A.DEAN & JACKIE HARRIS  0053105050000382
6270531011215199059949       000000556014480          DAVE BUBB               0053105050000383
6272560749742112130709       000000338014503          MICHAEL T. MARSHALL     0053105050000384
62725317704908627411272      000000596014514          WILLIAM HUGHES          0053105050000385
627053000196000684922164     000000556014547          WILLIAM J. WEBER        0053105050000386
627321173315109000182690     000000580014563          ROBERT FENNEL           0053105050000387
6270531104001010025103447    000000661014612          JEFFREY DAVIS           0053105050000388
62725317704908630987221      000000212014628          SUSAN MARTIN            0053105050000389
62725317704908626975471      000000206014665          ANA PATRICIA WAGONER    0053105050000390
62725317704908626116474      000000436014725          DAVID SLAUGHTER         0053105050000391
62725317549400040442100650   000000396014777          MARY J. SOTO            0053105050000392
627053000196000040562399     000000420014781          ROBIN HARRIS            0053105050000393
6270530002191014492375260    000000588014819          BEVERLY MISLANG DUVE    0053105050000394
6270531035850185203579       000000308014820          CHRIS OSTERMAN          0053105050000395
62725317704908628102906      000000572014823          O.W. BARNETT            0053105050000396
6270531104001010012843752    000000476014858          RICHARD & JENNIFER MYL  0053105050000397
62725317783200007001100930   000000344014950          PT. PARKER              0053105050000398
62725317704908630722039      000000260014979          TIMOTHY MOORE           0053105050000399
6270531008505022513803       000000065014985          CAS/BALLENRIDGE         0053105050000400
6270531008505022513803       000000065014986          CAS/BALLENRIDGE         0053105050000401
6270531011215119871516       000000500015032          JASON MILLER            0053105050000402
62725317549400023471300250   000000730015046          ALEX & HEATHER CHAPMAN  0053105050000403
627053000196000650233324     000000332015056          JAMES H. COLLINS        0053105050000404
62725317704908626052319      000000484015166          GLENN E. OLIVER         0053105050000405
627053112275051000065        000000220015212          STALVEY PROPERTIES      0053105050000406
627053000196000691081470     000000720015232          MELANIE OLSEN           0053105050000407
6270531104002000017477789    000000184015240          K2 CAPITAL INC. D/B/A/  0053105050000408
627051000020811171396        000000548015248          JOVYN S. MORENO         0053105050000409
62725317704908628791051      000000302015303          JAMES SCHUELLER         0053105050000410
6270531104001000000316971    000000428015344          JESSICA A. SMITH        0053105050000411
62725317704908627295072      000000580015358          KONRAD GRYGORUK         0053105050000412
62725318453701100408137      000000710015396          MICHAEL R. ROBERTS      0053105050000413
6270531104001010011371911    000000344015414          JOHN KAHRS              0053105050000414
627053100465172326972        000000344015426          LINDA A. MISKOWITZ      0053105050000415
6271140006537476091763       000000362015427          JARED W. PAVLICH        0053105050000416
6270531008500300057068       000000565015438          CHERYL LEVER            0053105050000417
6270530002191010028993269    000000500015445          CHRISTOPHER B. & SUSAN  0053105050000418
6270510014141053071414927    000000540015476          LANCE & MONICA SNEED    0053105050000419
62725317549400703858100650   000000650015508          LANTZ CRUENBERRY        0053105050000420
6272260786090000057978       000000082015510          JOSE E. & ALICIA CABRE  0053105050000421
627053000196000155959919     000000468015550          ROBERT & NANCY MACDONA  0053105050000422
62702100008922372729         000000572015563          NATHAN ROTH             0053105050000423
62725317704908606832190      000000805015568          RICHARD SWANN           0053105050000424
62725318453701101243768      000000620015584          BEZI BELETE & WILLIAM   0053105050000425
6270531104001000002871333    000000580015632          DANIEL COREY HOPKINS    0053105050000426
62725317549400000157202950   000000588015676          JASON ANDERSON          0053105050000427
6270530002191041804252737    000000452015679          JASON BROWNE            0053105050000428
62725317704908629609864      000000516015686          GEORGE BULLA            0053105050000429
627053000196000043425230     000000637015714          DONALD & REBECCA HOOVE  0053105050000430
62725317704908631441386      000000420015809          COLLEEN JOHNSON         0053105050000431
6270631075131000013976780    000000452015878          FRANK MURPHY            0053105050000432
62725317704908625852613      000000332015882          SARAH MCCLINTOCK        0053105050000433
62731407426904516176         000000556015897          KELLY & BRAD SCHOMBER   0053105050000434
62725317549400000267200012   000000548015903          KEITH PHELPS            0053105050000435
62725317704908630612577      000000352015909          IRISH MCNEAL            0053105050000436
6270531011211603301982       000000308015934          CHRISTOPHER T. WOOTEN   0053105050000437
62725317549400095196303850   000000374015937          CANDICE D. KIRKSEY      0053105050000438
6270531104001010057620189    000000540015969          BOYD ROGERS             0053105050000439
6270531008500302022395       000000532016023          SITE RESOURCES          0053105050000440
6270531008500300112485       000000428016053          JOANNE M. DOUGLAS       0053105050000441
627053100300003849786652     000000350016067          JILL BLALOCK            0053105050000442
6270630000219980760762       000000452016075          LYNN G. MEYER           0053105050000443
6270531008500300144831       000000461016076          MICHAEL REED            0053105050000444
62712500002494478328         000000350016121          KEELY BURNS             0053105050000445
62725317549400200104600450   000000690016155          JOSEPH & CHERI LEE      0053105050000446
6270531104001100000128917    000000589016177          JANDRELLE A. AVINGER    0053105050000447
627053100465122004986        000000800016189          DEBBIE WALTERS          0053105050000448
62725317704908625646019      000000290016194          CARL HAMM               0053105050000449
62725317704908630550310      000000508016206          LORI A. BRISTOL         0053105050000450
62725317549400000090890013   000000428016222          HAROLD SMOAK, JR.       0053105050000451
627053000196000696674293     000000735016237          CORINNER & CHARLES HEA  0053105050000452
6270530002191048563122499    000000484016243          JULIE KEEN              0053105050000453
627053000196000694199686     000000677016254          DONALD & CLAIRE BLOCK   0053105050000454
62725317704908631380616      000000444016258          SHARON THURSTON         0053105050000455
62725317704908625821622      000000362016284          SHAWN & LAUREN BRADY    0053105050000456
6270531008500255242474       000000492016313          ROBERT RODEBAUGH        0053105050000457
6270531104001063069936067    000001132816314          EVERLINE & DAVID WRIGH  0053105050000458
6270531008500300112215       000000404016321          CYNDI FULLER            0053105050000459
62725317549499014720320012   000000532016375          NATHANIEL D. DENTEN     0053105050000460
627051403643020351981306     000000356016401          JAMES HARDT             0053105050000461
627053112275053003513        000000460016408          SCOTT & JOANN GOW       0053105050000462
627053904483000771392490     000000680016493          CHRISTINA & ISLEM ABDA  0053105050000463
6270531004654756404          000000344016503          ZAINAB KIMARIO          0053105050000464
62725317549400301126700250   000000780016511          PAMELA S. STOCKS        0053105050000465
627053100300008177095487     000000516016519          BRYAN & SUSAN MOSHER    0053105050000466
6270531104001010096199684    000000705016537          RUTHY NEUSTEDTER        0053105050000467
62725317549400000940700016   000000460016538          ELLEN REYNOLDS GRIFFIN  0053105050000468
627053100465422362725        000000516016595          JOSEPH HASKIN           0053105050000469
62725317549400069799000650   000000388016597          EDWARD S. WILTSIE       0053105050000470
62725317549400008839001450   000000548016605          ELIZABETH ANNE PARRY    0053105050000471
6270212000251010093818874    000000433016648          MARGARET & MICHAEL GOR  0053105050000472
62725317704908627833985      000000564016657          KEVIN SCOTT WALTON      0053105050000473
627053112275051001105        000000516016660          RANDALL S. ADAMSON LLC  0053105050000474
627053112275053001921        000000725016730          JEFF & KRISTIN KUBLY    0053105050000475
62725317704908632146768      000000589016750          MARGARET & FRANK YARBO  0053105050000476
6270531011215290017892       000000971816792          SCOTT & CARLA MONROE    0053105050000477
62725317704908629224403      000000700016815          TIMOTHY CHADWICK        0053105050000478
62725317704908606061146      000000620016826          CELIA LYNN JONES        0053105050000479
62725317549400700542600350   000000637016876          SCOTT & TERRI FOWLER    0053105050000480
627053000196000691490537     000000533016903          MARK F. FLANAGAN        0053105050000481
6270610002271010015885571    000000572016914          CHRIS R. SENCHAK        0053105050000482
6270530002191062602943667    000000500016942          LISA ANN BROWN          0053105050000483
6270530002191015011192302    000000420016955          RICHARD W. MASSONG      0053105050000484
627053100465172409428        000000460016994          JOHN F. ROBBINS         0053105050000485
6270531008505017067204       000000350017028          AMANDA M. GREENWOOD     0053105050000486
627053112275053002473        000000532017085          SCOTT & MARIA KAISER    0053105050000487
627053000196000650204586     000000380017118          JOHN R. EANES           0053105050000488
6270530002191010082630102    000000900017120          TRACY M. PEIL           0053105050000489
627053100300000509294455     000000278017135          LUKE MCMASTER           0053105050000490
62725317704908605662919      000000396017161          JANE PATE               0053105050000491
6270530002191010031164917    000000452017273          MITESH A. MENDPARA      0053105050000492
627053000196000185950938     000002293717290          GLENN & ANNE SMEAL      0053105050000493
6272560749742000708707       000000980017323          ROBERT D. HOOVER        0053105050000494
6270531008500218372018       000000468017383          SHANNON & SANDRA MCLAU  0053105050000495
6270531016261010088929464    000000484017455          JOHN & BERNADETTE HUGH  0053105050000496
627053100300000867444528     000000669017464          SHERYL & STEVE SPEICHE  0053105050000497
6270610002271000231135015    000000740017506          DOUGLAS P FULCHER       0053105050000498
6270530002191035601059123    000000368017554          COLLEEN FOX             0053105050000499
627053100465172401211        000000540017593          ALAN & ANDREA WILSON    0053105050000500
6272560749740931636708       000000367017599          ALVIN & TAMMA KLASSEN   0053105050000501
6270531016261010108891184    000000564017606          JOSEPH & NIKKI FELTENB  0053105050000502
6272530749770002168699       000000500017608          MICHELLE & JEFFERSON B  0053105050000503
627053100465172399022        000000820017610          BARRY & WENDY REYNOLDS  0053105050000504
6270530002191010114708737    000000720017691          SUSAN L. MORRIS         0053105050000505
627053100300008177193503     000000533017724          TODD & BETSY HAUGHEE    0053105050000506
627053100300000867618102     000000260017834          JOSEPH ALLEN LION       0053105050000507
6270531104001010085157132    000000332017857          JOEL & HOLLY ESKEN      0053105050000508
62725317704908628128161      000000404017866          STEPHANIE & ROBERT FRE  0053105050000509
6270531008500300064110       000000428017876          VICTORIA EDWARDS        0053105050000510
6271240846721000541753       000000588017909          SANDEEP KEDIA           0053105050000511
6270530002191015051376188    000000476017943          WILLIAM & TONI MEELER   0053105050000512
62725317704908605692827      000000452017947          CRAIG & TERRI MOSS      0053105050000513
6270530002191010103981280    000000452017948          JOHN & JOANNE CHECK     0053105050000514
6270531011215219281368       000000420018009          GEORGE & BETTY BOUQUIN  0053105050000515
6270531104001063041616237    000000532018023          SUSAN RAE JOHNSON       0053105050000516
627053000196000686145871     000000516018034          YOSLYN TORRES-MENDEZ    0053105050000517
6270531016261010113326725    000000436018052          WILLIAM & CHRISTINE NO  0053105050000518
6270530002191062618488802    000000296018127          LIA ELLEN MYOTT         0053105050000519
62725317549400702314500750   000000516018158          JENNIFER D NEUMANN      0053105050000520
62725317704908632514209      000000388018169          DOYAL MARCUS WHIPPO     0053105050000521
6273250814033572361695       000000612018253          EVERETT KARL TSOSIE     0053105050000522
62725317704908629962959      000000760018258          DONNA THEODORE          0053105050000523
6272110701751105859395       000000412018330          ANNE E. O'CONNOR        0053105050000524
627122101706004651571489     000000374018380          JAMES RICHARD           0053105050000525
6272711864230235800101       000000356018381          JOHN & ANGELA VAALER    0053105050000526
62721139182511397825         000000540018394          ASIF AHAMED             0053105050000527
6270212000251010099503785    000000368018459          KATHLEEN M BOYLAN       0053105050000528
627053100465172428953        000000338018494          BRIAN EGLER             0053105050000529
627053000196000669208829     000000420018499          DONALD ADAM GUINN       0053105050000530
62725317704908631853137      000000368018523          CINDA E. BRANDT         0053105050000531
627053000196000651811680     000000350018540          JAY DONALD SCHELIN      0053105050000532
62725317704908628970957      000000476018546          TALMAGE TYLER           0053105050000533
6270530002191015011493072    000000396018689          KIMBERLY GOLL           0053105050000534
627053112275053004784        000000453018704          ANNING LIN              0053105050000535
6270530002191010029426324    000000380018724          ANNE-CATHERINE BARRETT  0053105050000536
62725317549400200273400450   000000745018728          WILLIAM & KIMBERLY DAV  0053105050000537
627053100465432092181        000000444018736          SCOTT MARTIN GARDNER    0053105050000538
627053100300008177193001     000000588018741          CHRISTOPHER & MARY PHI  0053105050000539
627053000196000692983483     000000596018749          GRADY L. HARBIN         0053105050000540
627053112275053004180        000000620018871          BRADFORD W. WILSON      0053105050000541
6270530002191035696261492    000000556018943          CINDY & PAUL POLIACHIK  0053105050000542
627063100277003767063497     000000532018945          DON & LISA KOEBRICH     0053105050000543
62725317704908627155897      000000720018957          ARTY & KAREEN BURD      0053105050000544
6270530002191023741216511    000000890018983          TRACIE A. LEGG          0053105050000545
627053100465172399660        000000604019046          PAUL & BETH REINHART    0053105050000546
6271240846721000494847       000000230019053          DONNA BENSON            0053105050000547
62725317704908626801586      000000396019129          DEREK JOHN FENTON       0053105050000548
6270311001571889166493       000000516019178          RAYMOND C. WOLF         0053105050000549
6270531016261010108842104    000000524019212          JASON & ANNE BOEHRNS    0053105050000550
6270531011215290619507       000000290019216          LOUISE A. LEWIS         0053105050000551
6270531011215116814864       000000524019341          SHIRISH PATEL           0053105050000552
6270531011215116814872       000000780019344          SHANTITAL PATEL         0053105050000553
627053100465172392224        000000436019354          SONYA P. STEPHENSON     0053105050000554
62725317704908614894092      000000332019398          CURTIS STORLIE          0053105050000555
6270220001279517731608       000000362019446          HANNA HOROSZEWICZ       0053105050000556
6270530002191010104366820    000000380019449          GREGORY BICE            0053105050000557
6270531016261010061215425    000000362019596          SUSAN BENNER            0053105050000558
6270531004650000172223979    000000810019668          PEGGY  & HOWARD JONES   0053105050000559
627053112275051001428        000003603819774          SAVANNAH RIDGE #2 HOA   0053105050000560
627063100277003505748927     000000452019816          THELMA ROSE GULYES      0053105050000561
6270530002191010123792006    000000412019818          MICHAEL KEITH HAREN     0053105050000562
62725317704908631052567      000000428019869          ANDRES BRITT BARNES     0053105050000563
627053000196000693373762     000000418019969          RICHARD P. DIAUGUSTINE  0053105050000564
62725317549400703028700850   000000452020068          ANDREW & ANNA LOCKHART  0053105050000565
62725317704908629046045      000000492020123          C. LEE MCCALL           0053105050000566
62725317704908627649029      000000670020156          EDWARD GENE WANTZ       0053105050000567
6270531016261000004766873    000000680020227          CAROL K. & JOHN D. RED  0053105050000568
62725317704908615216429      000000224020242          ARNOLD & SARA FRAZIER   0053105050000569
627053100465172300154        000000420020319          MERRY ORTBERG           0053105050000570
627053000196000651819996     000000350020351          KAYREN ELAINE HECK      0053105050000571
6270531035851325207828       000000404020384          JENNICE SALTERS         0053105050000572
62725317783200007000137480   000001235820472          JAMES O'NEIL            0053105050000573
62725317704908628316453      000000572020581          TROY BYERS              0053105050000574
6220531050590760035601       0003304694               TOWN OF HOLLY SPRINGS   0053105050000575
820000057571863504690000033046940000033046941561143973                         053105050000001
9000001000058000005757186350469000003304694000003304694                                       
9999999999999999999999999999999999999999999999999999999999999999999999999999999999999999999999
