101 123       211      0411151453A0941012211                   2212                           
5200DEEP RUN WATER C                    2212222220PPDUTIL BILL 041115041115   1211     0000001
62812333    1233232          00000000002383           NAN ABEL                0211     0000001
820000000100000123330000000000000000000000002212222220                         211     0000001
9000001000001000000010000012333000000000000000000000000                                       
9999999999999999999999999999999999999999999999999999999999999999999999999999999999999999999999
9999999999999999999999999999999999999999999999999999999999999999999999999999999999999999999999
9999999999999999999999999999999999999999999999999999999999999999999999999999999999999999999999
9999999999999999999999999999999999999999999999999999999999999999999999999999999999999999999999
9999999999999999999999999999999999999999999999999999999999999999999999999999999999999999999999
