101 053122222 0531011211403121549A094101BRANCH BANKING & TRUST BRANCH BANKING & TRUST         
5200TOWN OF WARSAW                      1566001363PPDUTIL BILL 140312140312   1053101120000001
62711111111122222222222222   000000893277             YERLEY LOPEZ ESCOBAR    0053101120000001
6220531222221276370150       0000008932               TOWN OF WARSAW          0053101120000002
820000000200164233330000000089320000000089321566001363                         053101120000001
9000001000001000000020016423333000000008932000000008932                                       
9999999999999999999999999999999999999999999999999999999999999999999999999999999999999999999999
9999999999999999999999999999999999999999999999999999999999999999999999999999999999999999999999
9999999999999999999999999999999999999999999999999999999999999999999999999999999999999999999999
9999999999999999999999999999999999999999999999999999999999999999999999999999999999999999999999
