101 053100300 0531003000604131243A0941011ST CITIZENS BANK      1ST CITIZENS BANK              
5200SALUDA COUNTY WA                    1570963048PPDUTIL BILL 060413060413   1053100300000001
627053201487620101387409     00002361655              SHIRLEY SMITH           0053100300000001
627053906041080029145201     000002460810             PETER D KORN            0053100300000002
627053904483000050554088     000000300115             LEWIS M PRIESTER        0053100300000003
627053904483000707710070     000026433717             WILLIAM D TIBBETS       0053100300000004
6270532016075127315916       000025654419             HERBERT LONG JR         0053100300000005
6270532077661000310421462    000026134028             BOYD JENKINSON          0053100300000006
627053904483000056395221     000026104036             CECIL SEIGLER           0053100300000007
6270532018851041265446       000000512648             DOUGLAS E HOLFORD       0053100300000008
627053904483000796021968     000019480760             JAMES R WATTERSON       0053100300000009
627053906041080421810509     000017083161             ROBERT P REDMOND        0053100300000010
627053906041083021689101     000000812367             BENJAMIN BLACKMON       0053100300000011
627053906041080100211409     000014535769             ROBERT W ANDERSON       0053100300000012
62725327903180087513         000000375085             DEWEY L BROWN           0053100300000013
627053906041083074200309     000000669596             LOIS A MEARS            0053100300000014
627053906041080065360209     000000375097             MACK ZEIGLER            0053100300000015
627053904483050577493        0000003750100            MICHAEL PAINTER         0053100300000016
6270532000191001020241630    0000002400138            JOHN P CANTLEY          0053100300000017
6272532718220705147937       0000002400139            LEONARD MOORE           0053100300000018
6270532000191003411787219    0000002400143            SEYBORN DAY             0053100300000019
627053904483000700028476     0000002700150            TALTON RINEHART         0053100300000020
6272532718220905148903       0000002400157            WILMA F WILSON          0053100300000021
6272532721775307032530       0000002400159            JAMES C RODGERS         0053100300000022
6270532016075127297489       0000002400161            FRANK CHAPMAN           0053100300000023
6270532000191002611703515    0000003000162            JAMES SHELDON           0053100300000024
6272532721775107003112       0000002400174            GRADY C TARLTON         0053100300000025
627053904483000796012438     0000002400178            JAMES A GEE             0053100300000026
627053201487703102548409     0000004200183            LOIS BOUKNIGHT          0053100300000027
6272532721775107003507       0000002400186            CAROL BRADSHAW          0053100300000028
627053202091110104382        0000002400187            EARL BERRY              0053100300000029
6270532000191002210824497    0000002400197            EUNICE WHEELER          0053100300000030
6270532000191003411122418    0000002400211            DWIGHT HALL             0053100300000031
627053904483000718185369     0000006000217            FLETCHER ARANT          0053100300000032
62705320220818937            0000002400226            JOHN MAYFIELD           0053100300000033
6272611719277104100003136    0000002400227            JT MARSH                0053100300000034
6270532077661003228683991    0000002400235            ANN M DERRICK           0053100300000035
627061000052000541137571     0000002400249            CHARLES JOHNSON         0053100300000036
6272532721775307009657       0000002400262            GEORGE NICHOLSON        0053100300000037
6270532018851041265446       0000022808276            DOUGLAS HOLFORD         0053100300000038
6272532721775407001296       0000228973283            JOHN BLACK              0053100300000039
627253978730200096159024     0000015915285            DENNIS LAMBRIES         0053100300000040
627053201487703100841509     0000213988309            LOFTON JOHNSON          0053100300000041
62725327903180109069         0000004499313            NANCY HURT              0053100300000042
6272532721775307000973       0000249652338            TOBY EDWARDS            0053100300000043
6272532721775407002350       0000215486341            ROBERT METTS            0053100300000044
6270532016075127303454       0000202599370            ROBERT DIXON            0053100300000045
6270532000191003410024180    0000255945389            KATHRYN CHARIKER        0053100300000046
627053201487703100820909     0000004499390            DOROTHY B CROUCH        0053100300000047
6270532016075127127451       0000003001393            ERNEST HALL             0053100300000048
627053904483000718068664     0000152249402            LEE ROY CAMPBELL        0053100300000049
6270539014731010000623379    0000237964406            ERNEST TUCKER           0053100300000050
627253279277201020021017     0000256544415            GEORGE DUBOSE           0053100300000051
6270532022820001226240       0000243658421            ALSTYNE G BOWMAN        0053100300000052
6272532780904009470719       0000168433425            GEORGE MCMANAWAY        0053100300000053
6272532721775107003523       0000169633430            CELIA CONE              0053100300000054
627053201487703109063709     0002693110454            TERRY BEDENBAUGH        0053100300000055
627053201487703100806809     0000244557455            ANNIE POWELL            0053100300000056
627053904483000723312921     0000002400497            MARGARET F BURGESS      0053100300000057
627053904483000757056878     0000002700517            SALEM PARSONAGE         0053100300000058
6272532780900050530716       0000002400527            NINA J GRADY            0053100300000059
6272532780900200570711       0000003300535            DAVID BOREN             0053100300000060
6270611011551065301011059    0000002400545            ARTHUR B CONNERS        0053100300000061
6270532016075127211207       0000002400551            J CARROLL SHEALY        0053100300000062
627253978730200090115323     0000002400557            RICHARD GLEISSNER       0053100300000063
6270532020917031803          0000002400561            WILLIAM HAWKINS         0053100300000064
627053904483000055787261     0000002400562            LINDA WASSON            0053100300000065
6270532022080000013185       0000004826566            JOE AND MARY MCDONALD   0053100300000066
6270532016075127165442       0000213688573            ESTER HOWE              0053100300000067
627053100465362131653        0000248752578            LESLIE B GEORGE         0053100300000068
6270532016075127435881       0000026405583            VERNON SHEALY           0053100300000069
6270532000191002211141920    0000186715591            KEN AND ANN WILSON      0053100300000070
627253279691002070004128     0000002400602            CHARLES MITCHELL HARMO  0053100300000071
6270532016075127315266       0000002400609            MARK GEDDINGS           0053100300000072
627253279691002050033601     0000002400611            CHARLES ERIC HARMON     0053100300000073
627053201487090108226309     0000002400621            DENNIS J TROUT          0053100300000074
627053201487480357116709     0000217585624            WILLIAM MARTIN          0053100300000075
627253978730200090050750     0000120482625            GLENDA WOOD             0053100300000076
6270532077661003224122142    0000003750646            BETTE KIMES             0053100300000077
6272532718220403014211       0000002400647            WILLIAM A BROWN         0053100300000078
6270532020910110100476       0000002400652            KESTER TROTTER          0053100300000079
62705320357952052982         0000002400658            L B DOUGLAS             0053100300000080
627053904483000782736715     0000002400659            F MARION DOUGLAS        0053100300000081
6270532000191003411245434    0000002400664            GROVER F WEST           0053100300000082
627053906041080065388309     0000002400677            RICHARD BRIGGS          0053100300000083
62725327903183212340         0000005277678            ANTHONY J PRICE         0053100300000084
6272532780901021700719       0000127675700            DEE BAKER               0053100300000085
62725397861741300602817      0000226275731            LINA GANN               0053100300000086
6270532016075123090359       0000197806747            EDMUND F FRICK,JR       0053100300000087
627053904483000777887404     0000003750753            NO WAKE LLC             0053100300000088
6270539014731050052369201    0000215486777            STEVEN B HALL           0053100300000089
627044000804041172192305     0000002400781            CLAUDIA W KOPP-ADAMS    0053100300000090
627053906041083077380009     0000002400784            HUBERT LEE EVANS        0053100300000091
6272532780900228681714       0000002400788            FURMAN D PETERS, JR     0053100300000092
62725327903181369621         0000002400791            NINA FAIREY             0053100300000093
6272532721775407002677       0000262539830            RICHARD SHEALY          0053100300000094
627053202091110316525        0000166037842            JAMES & RONETTE TROTTE  0053100300000095
6270532000191003410870622    0000270331848            MARVIN L BRYANT         0053100300000096
627053904483000010868891     0000015316849            GARY BRADHAM            0053100300000097
62725317704908624365207      0000002400854            E GENE SHEPPARD         0053100300000098
6270532077661010112238076    0000004499885            WILLIAM G JACKSON       0053100300000099
627053901198090429024406     0000214886929            JOHN G. ELKINS          0053100300000100
627053904483000781832490     0000015017967            ROBERT F YETTER         0053100300000101
627053285173560100040688     0000002400970            THOMAS M STONE          0053100300000102
6270532016075124290939       0000269732986            RICHARD CROOKS          0053100300000103
6272532780900031350713       00000024001004           LEO F ZIMMERMAN         0053100300000104
6270532000191002210799247    00000027001005           JOHN MOSKAL             0053100300000105
627053904483000002504272     00000024001012           PEGGY SIMONS            0053100300000106
6270532016075121658900       00000024001017           COY HALL                0053100300000107
6270532016075125715658       00000024001026           SALUDA MASONIC LODGE    0053100300000108
6270532077661003228683991    00000024001045           ANN DERRICK             0053100300000109
6272532721775307032530       00002643391067           ELISE RODGERS           0053100300000110
6272532721775107038129       00002577451084           MAMIE R CLARK           0053100300000111
6270532016075126006855       00002343681165           GERALD W KAGE           0053100300000112
6270532077661003410323085    00000255061169           ELLIS W RISER           0053100300000113
627053904483000782057928     00000024001173           JOHN S HERLONG          0053100300000114
6270532077661003239185734    00000078221190           JEANNIE JOHNSON         0053100300000115
6270532016075123915838       00000024001196           KINDRA ADAMS            0053100300000116
6270532077661003410323085    00000276031206           ELLIS RISER             0053100300000117
627053904483000782366952     00001942071223           HORACE BELL             0053100300000118
6270532016075127446301       00000165161228           STANLEY R SNYDER        0053100300000119
627053906041080105780309     00000037501233           MARTIN BROWN            0053100300000120
627053906041083062713909     00000024001246           JACKIE FOSHEE           0053100300000121
6270220000468700499992       00000024001280           GEORGE NAGLE            0053100300000122
627053200983651039257        00000024001286           JOHN MCGILL             0053100300000123
622053100300703121328801     0011626022               SALUDA COUNTY WATER AN  0053100300000124
820000012413207755390000116260220000116260221570963048                         053100300000001
9000001000013000001241320775539000011626022000011626022                                       
9999999999999999999999999999999999999999999999999999999999999999999999999999999999999999999999
9999999999999999999999999999999999999999999999999999999999999999999999999999999999999999999999
