101 053100300 0531003000408241019A094101FIRST CITIZENS BANK    86                             
5200TOWN OF WARRENTO                    1566001362PPDUTIL BILL 040824040824   1053100300000001
62805310030000425694831      00000000003325           HATTIE JORDAN           0053100300000001
628053100300004251307223     00000000003423           JAMES E. WEST           0053100300000002
62825317704908630400689      00000000004353           TONYA STANLEY           0053100300000003
62825317704908631209931      00000000005076           EVERT RUSSELL           0053100300000004
62805310030000425694260      00000000007132           RAYMOND KEARNEY         0053100300000005
820000000500665654980000000000000000000000001566001362                         053100300000001
9000001000001000000050066565498000000000000000000000000                                       
9999999999999999999999999999999999999999999999999999999999999999999999999999999999999999999999
