101 053100300 0531003000603170908A094101FIRST CITIZENS BANK    FIRST CITIZENS BANK            
5200BLADEN COUNTY WA                    1566000277PPDUTIL BILL 060317060317   1053100300000001
627053100300000000020922     000000213711             GEORGE W LANGLEY        0053100300000001
6270530002191048583053234    000000196920             JERRY SAWYER            0053100300000002
62725317704908614308743      000000297428             ELMER E MOTE            0053100300000003
627053100300000688027814     000000347733             MILLIE THOMPSON         0053100300000004
627053100300000688011969     000000170155             TOMMY L HARRELSON       0053100300000005
6270530002191048503143454    000000196957             RONALD L WILKINS        0053100300000006
627053100300000688011004     000000203658             DONALD L GRANGER        0053100300000007
62725317704908605009370      000000140071             CATHRYNE B WALTERS      0053100300000008
627053100300008715233823     000000230477             V.A. COLEMAN JR.        0053100300000009
6270531011215211185513       0000002304113            GLENN DOVE              0053100300000010
6270530002191026062233283    0000002036142            VIVIAN MCDOWELL         0053100300000011
62725317704908625871654      0000002003146            MIKE MELVIN             0053100300000012
62725317704908624986214      0000002237154            WILLIAM A SCOGGINS      0053100300000013
62725317704908624986046      0000003711159            WILLIAM R EVANS         0053100300000014
6270530002191026022092736    0000001668167            BARBARA GILLESPIE       0053100300000015
627053100300008805233882     0000001835178            JOE L JACKSON           0053100300000016
6270531011215217514950       0000002907216            PAUL M GOODEN           0053100300000017
627053100300000688029787     0000002103225            KENNETH WILKINS         0053100300000018
6270530002191126022056999    0000001567263            J.V. BUTLER             0053100300000019
627053000196000606001319     0000002539276            DOROTHY BARNES          0053100300000020
627053100300008805209057     0000001500294            NELLIE DOWLESS          0053100300000021
627053100300000688011144     0000001735309            CHARLES W GUYTON        0053100300000022
627253173700622064340        0000002204310            LONNIE J GUYTON         0053100300000023
6270530002191026072551308    0000001969315            DOUGLAS R LONG          0053100300000024
6270531011215217520438       0000001835326            CLYDE W JOHNSON         0053100300000025
6270530002191026003004853    0000002070341            CLARK VALENTINER        0053100300000026
627053100300000688023843     0000001735343            LOUISE B SHELTON        0053100300000027
627053100300000000403383     0000001400344            CARLTON R. LUDLUM       0053100300000028
6272531717280701590301       0000001701358            IKIE GUYTON             0053100300000029
627053100300000688012507     0000001768368            GRACE P HESTER          0053100300000030
6270530002191026072203106    0000002371373            LYNN G KING             0053100300000031
6272214728158310106801       0000001400389            ANNIE M WARE            0053100300000032
627053100300000688022928     0000001701402            KENNETH ROGERS          0053100300000033
6270531011215217516244       0000001400439            MAXINE LINDSAY          0053100300000034
627053100300000688000452     0000001936457            JULIA ATKINSON          0053100300000035
627053100300000688013511     0000002874483            STEPHEN HESTER          0053100300000036
62725318453701100421796      0000001668489            ROBERT CLAIR            0053100300000037
627053100300000688027296     0000001400495            DOWNIE TAYLOR           0053100300000038
6270530002191026072137489    0000003510512            JOYCE GOODEN            0053100300000039
6270531011215214969752       0000002405524            HOUSTON HESTER          0053100300000040
627053100300000688065260     0000001400541            DAVID M LONG            0053100300000041
62725317704908627168508      0000001400542            BETTY SKINNER           0053100300000042
627053100300008805258596     0000001534592            LOUISE SESSOMS          0053100300000043
627053100300000688015808     0000001567601            JAMES M KINLAW          0053100300000044
6270530002191026042017377    0000002070602            HUBERT G CARROLL        0053100300000045
6270530002191026042024218    0000001400603            LUELLA C WIKE           0053100300000046
6270531011215217514713       0000002673643            DENNY SMITH             0053100300000047
6270531011215217957151       0000002371672            CLARICE BUTLER          0053100300000048
6270531011215217520152       0000002773676            ROY E HOWELL            0053100300000049
627053100300008805256806     0000003343685            ELWOOD EDWARDS          0053100300000050
6270531008500543079819       0000001969686            DANNY E MCROBERTS       0053100300000051
627053100300000688032087     0000001902705            CLYDE W PAIT JR         0053100300000052
627053100300008715236320     0000001567718            JAYFORD DOWLESS         0053100300000053
627053000196000606615457     0000002371719            LARRY J SMITH           0053100300000054
6270531011215217520578       0000002438726            EMERY M WHITE           0053100300000055
6270531011210005217519987    0000002103760            GARY BRILEY             0053100300000056
627051405272531032234        0000001400832            MARY DAY                0053100300000057
627053100300008805206905     0000003108839            DONNY L BUTLER          0053100300000058
62725317704908627171790      0000002204840            FRANKLIN ALLEN          0053100300000059
6270531011215215872086       0000002237844            NASH W HESTER JR        0053100300000060
627053100300000688052320     0000001400858            MARTHA S MACON          0053100300000061
62725317704908631320226      0000003041868            LYNN G KING JR          0053100300000062
6270531011215217515086       0000001433923            GLORIA DOVE             0053100300000063
6270531011215217516759       0000001668926            LEONARD R SASSER        0053100300000064
62725318453701100381317      0000002874960            BILLY MCGAVOCK          0053100300000065
6270531011215217516015       0000002505978            HOWARD S BRISSON        0053100300000066
627053100300008805256216     0000002539987            CHARLES ADAMS           0053100300000067
627053100300000682760137     00000043481005           JAMES W CARROLL         0053100300000068
627053100300000682760137     00000019021006           JAMES W CARROLL         0053100300000069
62725317704908625396857      00000022711017           MARGARET D HARDEE       0053100300000070
6270530002191026012252214    00000025391051           WILBUR S BURNEY         0053100300000071
6270531011215217516147       00000036111078           WILLIAM M SASSER        0053100300000072
627053100300002419225855     00000027731103           MARIA M SUTTON          0053100300000073
6270530002191026052636214    00000020031124           BOBBY NORRIS            0053100300000074
6270530002191026022067075    00000014001126           EDWARD FYFE             0053100300000075
627053100300002419225855     00000032681177           SHIRLEY S VANN          0053100300000076
627053100300000348788939     00000018691252           MARY L MCKOY            0053100300000077
627053100300008715223836     00000026391265           ARTHUR L WATKINS        0053100300000078
627053100300000682751383     00000017681294           BUTTERS BAPTIST CHURCH  0053100300000079
62725317704908625765261      00000014001353           CLAUDIE R BRISSON       0053100300000080
6270531011215214656622       00000020031384           K. F MEISMER            0053100300000081
6272531717280700053506       00000027401536           LARRY J BRITT           0053100300000082
627053100300000000183068     00000018021546           TERRENCE E EDWARDS      0053100300000083
6270530002191026052129381    00000021031555           WENDELL GARNER          0053100300000084
62725317704908630366919      00000014001581           MARJORIE NEFF           0053100300000085
6270531011210005217544817    00000025051597           JANET MOTE              0053100300000086
627053100300000688053688     00000026391606           BOBBY CAIN              0053100300000087
627053000196000606260993     00000031081610           WILLIAM R ELKS          0053100300000088
6270531011215217537241       00000023041615           GLADYS D PHARR          0053100300000089
627053100300008715206104     00000026061616           WHITE PHARR JR.         0053100300000090
627053100300000347784143     00000014001627           CAROLD'S BEAUTY SHOP    0053100300000091
6270531011211353023876       00000015341628           EARL B HARRIS           0053100300000092
627053100300008715235378     00000020701672           ERNEST N TAYLOR         0053100300000093
6270531011215195122042       00000019021677           PAUL MAYFIELD           0053100300000094
627053100300008715212627     00000033091704           CHARLES W TEDDER        0053100300000095
627053100300008715211587     00000025391709           NASH HESTER             0053100300000096
6270530002191026082604520    00000019021712           O F DOWD                0053100300000097
6270531011215217527769       00000019691759           RAY SUGGS               0053100300000098
6270531011215217737852       00000014001788           INEZ MCEWEN             0053100300000099
6270530002191026002239205    00000020361792           FREDERICK VINES         0053100300000100
6270531011215214118698       00000019691800           LEE HALL                0053100300000101
6270530002191026082047912    00000019021803           GLORIA GRIFFIN          0053100300000102
6270530002191026052249559    00000014001804           MARY ATKINSON           0053100300000103
6272531717280700021402       00000041471807           GREG TAYLOR             0053100300000104
62725317704908605208222      00000017011827           N W SINGLETARY          0053100300000105
6270531011215217744719       00000015671851           JAMES GIBSON            0053100300000106
627053100300000688007414     00000014331866           ALICE DEAVER            0053100300000107
62725317704908614394178      00000029071890           HELEN A ANDERSON        0053100300000108
627053000196000606504000     00000014001897           BETTY T STEVENS         0053100300000109
6270531011215211185327       00000014001938           SANDHILL MISSIONARY BA  0053100300000110
627053100300008715226535     00000023381960           JOHN A GRAHAM           0053100300000111
62725317704908627175337      00000016681968           RUDY PAIT               0053100300000112
6270531011215217529613       00000027061983           ANDREW G THOMPSON       0053100300000113
6270530002192026050759985    00000061231995           BETHEL BAPTIST CHURCH   0053100300000114
62725317704908627165657      00000032092014           KEEVAR FEATHERSON       0053100300000115
627053100300000688023479     00000020702019           RONALD T RUSS           0053100300000116
6270531011215214118191       00000015002042           WILMA R TRIVETT         0053100300000117
627053100300008805250033     00000039122044           RODNEY GUYTON           0053100300000118
627053100300000688003974     00000014002054           PURDIE G BULLARD        0053100300000119
6270530002191026072053628    00000020702108           J F BURNEY              0053100300000120
62725317704908626544903      00000032422117           RICHARD DUNHAM          0053100300000121
627053100300008715203536     00000022712120           LARRY SESSOMS           0053100300000122
627053000196000606626874     00000014672133           ANN DUNN                0053100300000123
6270530002191026092329390    00000028072137           ROSCOE SESSOMS          0053100300000124
6270530002191026072358491    00000018352143           FULTON STOKES           0053100300000125
627                          00000025602309           BRENDA E. ANDREWS       0053100300000126
6270530002191010108884324    00000024382326           BETTY BRADLEY           0053100300000127
627053000196000606619797     00000015002334           GERALDINE KINLAW        0053100300000128
627053100300008710001943     00000053192392           KEITH A CLARK           0053100300000129
62725317704908605231465      00000019692394           DORIS AYCOCK            0053100300000130
6270531011215217730920       00000024052414           ST. JAMES AME ZION CHU  0053100300000131
627053103682103001646        00000023042425           MERLIN J SMITH          0053100300000132
627053100300008805262683     00000017012442           JIMMY BRITT             0053100300000133
6272531717280700109803       00000017682516           WANICE H HEWETT         0053100300000134
6270530002191026002252318    00000029072534           DANNY DOWLESS           0053100300000135
6270531011215217488682       00000019022562           EDDIE KNIGHT            0053100300000136
6270530002191026032051042    00000029412571           RONALD WARREN           0053100300000137
627053100300000000366192     00000014002602           BERNARD POPE            0053100300000138
62725317704908625449760      00000035442612           MARIE N. DOVE           0053100300000139
627253075303100000261907     00000016012613           BRENDA ROBINSON         0053100300000140
6270531011215217528838       00000014002625           KATRINA WHITE           0053100300000141
6270531008501193075838       00000034432658           CHARLES O HARDWICK      0053100300000142
6270530002191026072287164    00000027402706           ZALEAN NANCE            0053100300000143
6270530002191026062084791    00000015342709           WALTER BRYAN            0053100300000144
6270530002191026052014409    00000024722727           DAVID C DAVIS           0053100300000145
62725317704908624646180      00000041132763           MELINDA UNDERWOOD       0053100300000146
6270531011215218059157       00000029072766           REBECCA SCHNEPF         0053100300000147
6270530002191026072048950    00000021032770           KIMBER MORGAN           0053100300000148
627053000196000606650414     00000017682780           MARGIE EVANS            0053100300000149
627053100300008805254798     00000014672804           LOYD E BRYANT           0053100300000150
62725317704908625396806      00000056882831           TIM GAUSE               0053100300000151
62725318453701170049838      00000019022858           SHERWIN RICE            0053100300000152
62725317704908624111688      00000025392871           SYLVIA K SPEER          0053100300000153
62725317704908625765405      00000022042894           WAYNE EDGE              0053100300000154
627053000196000606621546     00000019692933           CRYSTAL M DOWD          0053100300000155
62725317704908624690173      00000045152942           STEPHEN A BARNHARDT     0053100300000156
6270531011215196267117       00000018353010           ABBOTTSBURG BAPTIST CH  0053100300000157
6270531011215217119768       00000014333034           NORA L GADDY            0053100300000158
6270531011215117073175       00000014003128           MIRIAM ALLEN            0053100300000159
6272531717280700137163       00000040133131           LARRY M BRITT           0053100300000160
627053100300008715215430     00000020363151           SAMUEL N WEST           0053100300000161
6270531011215217531227       00000017353153           DORIS P GRAHAM          0053100300000162
627053100300008805201696     00000020033155           THOMAS E LANCASTER      0053100300000163
6270530002191026002017443    00000014003158           ELIZABETH HESTER        0053100300000164
627053100300000000021730     00000016343168           MARTHA KINLAW           0053100300000165
6270531011215217512001       00000014003169           HICKORY GROVE BAPTIST   0053100300000166
6270531011215217512001       00000014003170           HICKORY GROVE BAPTIST   0053100300000167
6270531011215214656940       00000014003185           THELMA MCKEITHAN        0053100300000168
627053100300008805202541     00000036113187           ISAAC M HESTER          0053100300000169
627053100300000688000738     00000037453214           THEODORE BALDWIN        0053100300000170
6270530002191043463175059    00000015003224           W B DRAPER              0053100300000171
6270531011215210875451       00000019023232           GRACE SIDES             0053100300000172
627253177133112000604103     00000014003240           VONNIE R GUYTON         0053100300000173
627253177133112001124404     00000020363243           SAMUEL JONES            0053100300000174
627253177133112001124404     00000014003244           MARY JONES              0053100300000175
6270530002191026052302878    00000017013273           VELMA JONES             0053100300000176
627053000196000606030211     00000014003278           TABERNACLE HOLINESS CH  0053100300000177
6270530002191048593150347    00000023043282           FRANCES SHAW            0053100300000178
62725317704908628484764      00000025053302           RODNEY T WARWICK        0053100300000179
6270530002191026082704653    00000023383311           SHERMAN L GRAHAM        0053100300000180
6270531011215195013510       00000016343330           FRED V WRIGHT           0053100300000181
627053100300008805246085     00000018023397           JIMMY D MEARES          0053100300000182
627053100300000688016278     00000022713423           BOBBY LENNON            0053100300000183
62725317704908624986089      00000026733437           WALLACE MCQUEEN         0053100300000184
6270530002191026052289153    00000030083438           LEWIS PASCHAL           0053100300000185
6270531011215217533130       00000020703497           FRANCES GONDA           0053100300000186
6270531011215211185513       00000014003516           GLENN D DOVE            0053100300000187
627053100300000000366226     00000014003558           EDDIE PITTMAN           0053100300000188
627053100300008805204440     00000037783568           BILLY F PARNELL         0053100300000189
627053100300000688026125     00000020363574           DAVID F STANLEY         0053100300000190
62725317704908627247687      00000014003626           WILBUR SMITH JR.        0053100300000191
627053100300008715202672     00000018023637           BERLINE GRAHAM          0053100300000192
6270530002191026092245432    00000019023647           NANCY L HESTER          0053100300000193
6270531011215217631884       00000014003648           CHARLES M HESTER        0053100300000194
62725317704908627165446      00000031753684           LAWRENCE BUTLER         0053100300000195
627253173700622064107        00000038793693           MELISSA J SINGLETARY    0053100300000196
62725317704908606393474      00000029073699           FAYE B ALLEN            0053100300000197
627253177133112000510103     00000023383721           DERRICK GRANGE          0053100300000198
6270531011215215898468       00000020363728           FRANK TAYLOR            0053100300000199
627053100300000677000637     00000015343735           LEO M HESTER            0053100300000200
6270421081224084373          00000024723785           FREDERICK CLABAUGH      0053100300000201
6270531011215292468697       00000014333867           KAY SYKES               0053100300000202
6270531011215217513601       00000014673905           CATHERINE AUTRY         0053100300000203
627053100300008805212440     00000020033907           WANDA FIPPS             0053100300000204
627053100300008805212440     00000018353908           WANDA FIPPS             0053100300000205
6270531011215290920827       00000035443987           MARY E CROMARTIE        0053100300000206
6270531011215218738631       00000027064031           JOHN CROMARTIE          0053100300000207
627053100300008805263934     00000014004032           JEWEL SESSOMS           0053100300000208
627053100300008805201012     00000017684033           JO LYNN RANSOM          0053100300000209
627053100300000000182755     00000017684034           RUBY E MCKEE            0053100300000210
6270531011215217533866       00000026064139           WILLIAM TAYLOR          0053100300000211
627053100300000682751480     00000021704160           CENTER MISSIONARY BAPT  0053100300000212
627053100300000688028578     00000017354164           WILLIE WALKER           0053100300000213
627053100300008805239002     00000026734184           DERRY SINGLETARY        0053100300000214
62725317704908614309084      00000016014215           SAUNDRA S WHITE         0053100300000215
6270530002191026042007905    00000018354238           ANNIE & WILSON BRYAN    0053100300000216
6272531717280700076305       00000042814242           JEFF & DENISE BRIDGERS  0053100300000217
6270531011215290165182       00000029414264           DAVID PAIT JR.          0053100300000218
627053000196000606510914     00000018024313           JOHN LEE                0053100300000219
6270531011215216503858       00000026734365           SUSAN G PREVETTE        0053100300000220
627053100300008715217356     00000014004388           KIMIYO L STEWART        0053100300000221
62725317704908624020460      00000016344431           MATTHEW HAUN            0053100300000222
627053100300008805234818     00000014004441           SHANE TODD              0053100300000223
6272531777935030071          00000025394451           JAMES K ROBESON         0053100300000224
627053100300000000379963     00000023044470           THOMAS CLARK            0053100300000225
6270531011215217523836       00000023044558           JAY & TINA BURNEY       0053100300000226
6272531717280700037904       00000015004598           JOE CARROLL             0053100300000227
6270530002191026032248813    00000015674632           CATHERINE D LAMB        0053100300000228
627053100300000688015123     00000031084681           LYNN JOHNSON            0053100300000229
6270514005070096794090       00000014004685           MARGARET COLEMAN        0053100300000230
627053000196000606621546     00000028074703           TRACY DOWD              0053100300000231
627053100300008805206200     00000017354720           JOE ALLEN               0053100300000232
62725317704908624995532      00000036784734           KEITH BURNEY            0053100300000233
62725317704908624985684      00000028404827           JAMES KRINER            0053100300000234
627053100300008715225524     00000038454924           BARRY M WHITE           0053100300000235
627053100300008715221902     00000019024959           KAY BARNES              0053100300000236
6270531011215217512710       00000051854981           BLADEN BAPTIST ASSOCIA  0053100300000237
6270530002191026072260482    00000038124998           ANITA DEPAUL            0053100300000238
6270530002191026002256987    00000031755065           MARIBEL ARELLANO        0053100300000239
6272531717280700119602       00000031425084           ROBERT T CAPPS          0053100300000240
627053100300000688058329     00000017355095           RICHIE ROGERS           0053100300000241
62725317704908628422256      00000025725142           OLIVER GAUSE            0053100300000242
6270530002191026042284977    00000029745146           CLYDE P. BRYAN          0053100300000243
627053100300008805252872     00000026735209           RANDY GARNER JR.        0053100300000244
627053100300000688029477     00000023385225           DEAN WHITE              0053100300000245
62725317704908625020702      00000029745260           NATHAN & WENDY ALLEN    0053100300000246
627053000196000606617611     00000023715261           TERESA FERRELL HESTER   0053100300000247
62725317704908624646754      00000019695317           DOUG STRICKLAND         0053100300000248
627053000196000606613543     00000021035327           GLADYS STEPHENS         0053100300000249
62725317704908604716284      00000014005335           JAMES F MARTIN JR.      0053100300000250
627053904483000015058050     00000028405351           DEWEY GUYTON JR.        0053100300000251
62725318453701100422801      00000024725471           DARIN JACKSON           0053100300000252
627053100300008805256021     00000026735472           BOBBY L. HESTER         0053100300000253
6270531011215291944258       00000018025584           TILLIE MCDOWELL         0053100300000254
627053100300000688044395     00000020365620           ALONZA STEPHENS         0053100300000255
6270531011215217744719       00000014005640           JAMES GIBSON            0053100300000256
6270531011215119358347       00000023385686           JAMIE RAY LEWIS         0053100300000257
627053100300008805233890     00000025055689           AMANDA H. HALES         0053100300000258
6270530002191026043004509    00000040805700           JOHN S INMAN            0053100300000259
627053100300000688055575     00000031085766           KEVIN MCLEAN            0053100300000260
627053100300000626864635     00000014005855           NANCY I. SMITH          0053100300000261
6270531011215214656037       00000023045891           TELISA JONES BROOKS     0053100300000262
62725317704908625450198      00000026735953           ERIC CAIN               0053100300000263
62725317704908627890074      00000014005965           PEGGY BRISSON           0053100300000264
6270531104001026072288396    00000022715969           DAVID PAIT              0053100300000265
6270531011215215964118       00000027406004           TAMMY J PAIT            0053100300000266
627053100300000688018521     00000035776052           GERRY R MCLAUGHLIN      0053100300000267
62725317704908626545105      00000029416175           KAREN LEE               0053100300000268
6270531011215217110280       00000025726186           SANDRA R. KELLY         0053100300000269
627053100300008800007763     00000035776230           HAROLD WRIGHT           0053100300000270
627061000052000118623504     00000016346276           WILLIE R JONES          0053100300000271
6272531769300535156491       00000022716278           HOPE DOWLESS            0053100300000272
6272531717281690017509       00000775856300           DOGWOOD PARK            0053100300000273
62725317704908624645698      00000024726304           BASIL D. WHITE JR.      0053100300000274
627053100300008805266072     00000014006376           HUSTON M. ADAMS         0053100300000275
6270211011081010001780185    00000019696405           JAMES O. MCKOY          0053100300000276
6270530002191026042200388    00000015346419           ANNIE R. BETHEA         0053100300000277
6272531777937029967          00000022716466           BARBARA MARTIN          0053100300000278
6270530002191026052102133    00000033096493           TRACY PARRISH           0053100300000279
6270530002191010108885734    00000020036510           REGINALD ANDREWS        0053100300000280
6270531011215195011836       00000020366565           MICHAEL ZEITCHIK        0053100300000281
627061000052000110851525     00000024386637           CAROLYN ANGLIN          0053100300000282
6270531011215217515981       00000032426640           NORGIE HESTER           0053100300000283
627053000196000606518508     00000017356644           JOHNNIE R. JACKSON      0053100300000284
6270530002191026022201815    00000020706692           ALEX HAIR               0053100300000285
6270530002191026062148093    00000020706693           W.J. HAIR               0053100300000286
6270530002191026062148093    00000014006694           JAMES G. BANKS          0053100300000287
627053100300008805203376     00000014006755           CATHERINE DEVANE        0053100300000288
6270531011215117022236       00000014006773           LOUISE W. BRYAN         0053100300000289
627053000196000688070672     00000014006779           PAT CANADY              0053100300000290
6270531011215218738631       00000016686780           WINNIFRED S CROMARTIE   0053100300000291
6270530002191026032034166    00000014006784           CEDRIC BRISSON          0053100300000292
6270531011215218671537       00000014006792           JAMES R. GAY            0053100300000293
627053100300000688021794     00000017016809           GENE POWERS             0053100300000294
6270531011215217502219       00000016686814           HUBERT MELVIN           0053100300000295
627053100300000688006981     00000016016827           JAMES M. DAVIS          0053100300000296
6270530002194000524880       00000011596852           HAROLD BRITT            0053100300000297
6270531011215196006127       00000027066853           JOE ANTHONY JACKSON     0053100300000298
62725317704908624646711      00000016016870           LOIS STORMS             0053100300000299
627053100300003536557512     00000020036894           KAREN D. SELLERS        0053100300000300
6270531011215217731242       00000014006937           JETHRO LODGE #374       0053100300000301
6270530002192026000516699    00000014006938           CARVERS CREEK AME ZION  0053100300000302
6270210000211111086961       00000035006956           VIVIAN YEARWOOD         0053100300000303
62725317704908630860247      00000014006996           FREDERICK STEWART       0053100300000304
627053100300008715221291     00000017687022           PATRICIA B. SUGGS       0053100300000305
627053100300008715207203     00000024387044           JAMES R. BRITT          0053100300000306
627053100300000688004156     00000014007096           STELLA D BURNS          0053100300000307
627122400724004963448213     00000023717104           RONALD W PAUGH          0053100300000308
6270531011215198054862       00000019697108           TOMMY DUNN              0053100300000309
62725318453701170049547      00000025397126           ROSEMARY P. MELVIN      0053100300000310
6270531011215217740578       00000025397223           DENNIS STRICKLAND       0053100300000311
6270530002191026002256178    00000021037246           CHARLES ROGERS          0053100300000312
6270531011215217517429       00000014007399           WALTER MCDUFFIE         0053100300000313
627053100300008715207561     00000034437422           CHARLES COLEY           0053100300000314
627051000017004112859006     00000268657482           CAROLINA COLD STORAGE   0053100300000315
627053000196000658280144     00000026067514           LESLY DAVIS             0053100300000316
627053000196000688452025     00000016687534           MARY STEWART            0053100300000317
6272531717280700137451       00000016017547           MARY JOHNSON            0053100300000318
627253173700611058676        00000015677551           H. K. KREIN             0053100300000319
627053000196000053963385     00000028077600           DONNA JACKSON           0053100300000320
627053100300000000365970     00000014007687           JAMES T. MEARES         0053100300000321
6270530002191026022162831    00000016017730           LOUISE HESTER           0053100300000322
627053100300008805252688     00000014007742           GWENDOLYN F. DEAVER     0053100300000323
627053100300004536199970     00000014007745           SHIRLEY Q THOMPSON      0053100300000324
6270530002191026002302802    00000020037758           GARRETT GERMAN          0053100300000325
627053100300008710007667     00000014007762           MCKOYS CHAPEL CHURCH    0053100300000326
627053100300008805256005     00000021037784           REV LLOYD JOSEPH PETTE  0053100300000327
6270530002191026022200395    00000027737892           ALAN BRISSON            0053100300000328
627053100300008715226121     00000019028032           HOMER L. TATUM          0053100300000329
6270531011215217491594       00000020708070           RICHARD & PATRICIA FIE  0053100300000330
627053100300008805251044     00000015678081           DORIS DEAVER            0053100300000331
6270531011215196267109       00000016688092           MELVIN BARDWELL         0053100300000332
6270531011215217517844       00000025398096           JOSEPH B. BORDEAUX      0053100300000333
62725317704908627170296      00000034108103           PAUL NORRIS             0053100300000334
6270531011215196698738       00000027068150           ERIK CRUZ               0053100300000335
627053100300008800007616     00000014008166           GEORGE DARDEN           0053100300000336
627053100300008805255643     00000024388187           EDGAR HAL KELLY         0053100300000337
62725317704908625397438      00000022048195           DAVID R BARNES          0053100300000338
627053100300008805255643     00000029748223           CHARLES PETERSON        0053100300000339
62731407426922038310         00000014008230           RICHARD & VICKIE MCKEI  0053100300000340
627053000196000606646409     00000034108240           SHANE HARRELSON         0053100300000341
6270531011215217512001       00000030008245           HICKORY GROVE BAPTIST   0053100300000342
627053100300003417815620     00000022048465           VICKI LANIER            0053100300000343
62725318453701100882015      00000014008488           CYNTHIA G MCKIVER       0053100300000344
627053100300008715223107     00000018698509           TONY HYATT              0053100300000345
6270530002191026012241322    00000025058577           WILLIS & LEE BURNEY     0053100300000346
6270530002191026052636214    00000014008662           BOBBY NORRIS            0053100300000347
6270212003394104018768       00000014008673           JOE WASHINGTON          0053100300000348
627053103682103017518        00000016348689           NETTIE CROMARTIE        0053100300000349
62725317704908627173067      00000018698699           SHELLEY KELLAM          0053100300000350
6270531011215117344217       00000014008719           JAMES HALL              0053100300000351
6270531011215217522732       00000036788790           BILL PAIT JR.           0053100300000352
6272531717280700118108       00000036448836           MINDY LUX               0053100300000353
627053100300000682751383     00000042818889           BUTTERS BAPTIST CHURCH  0053100300000354
6270531011215291196634       00000024728966           RACHEL A. WALL          0053100300000355
6270532077661010082342704    00000015678967           DEBRA J. JUSTICE        0053100300000356
627053100300008805242957     00000018698968           TERESA RODRIGUEZ        0053100300000357
62725317704908627166780      00000033768994           KYLE & KELLY STARKLOFF  0053100300000358
627053000196000684437989     00000021039008           KATHARINE TERRY         0053100300000359
627053100300000682760137     00000021039009           JAMES W CARROLL         0053100300000360
62725317704908628472958      00000021379059           JAMES W. SKINNER        0053100300000361
6272531717280700113307       00000020369075           PENELOPE PERKINS        0053100300000362
627053100300000682752088     00000015679200           WILKES ELKINS           0053100300000363
627053100300008805263360     00000015009214           CHARLES D VICKERS       0053100300000364
627053100300000688012523     00000022379353           ELDEN G. HESTER         0053100300000365
627253075303100000469831     00000023389388           KENNETH F. MCINTYRE     0053100300000366
6270514005491079240925182    00000057219468           JULIA MCNAIR COX        0053100300000367
62725317704908627168524      00000030759479           MICHAEL & REBECCA PAIT  0053100300000368
62725317704908631318257      00000014679489           JOHNNY J. ANDERSON      0053100300000369
62725317704908627166262      00000027739516           KYLE & PAMELA BOSTIC    0053100300000370
627082000073004166082696     00000014009531           TINA BRIDGERS           0053100300000371
62725318453701100413868      00000014339604           CAROLYN CAMPBELL        0053100300000372
6270531011215117344217       00000028409697           JAMES A. HALL           0053100300000373
6270531011215215871519       00000019369766           HADLEY K. BOWEN         0053100300000374
6270530002191026012007391    00000015679879           JOHN BYRD               0053100300000375
62725317704908606001856      00000023719937           MARGARET KELLY          0053100300000376
6273010787736002730          00000033769964           JAMES ROSE & TRACEY FR  0053100300000377
62725318453701101160743      00000035449982           ANDREA WHITE            0053100300000378
622053100300008710008555     0000945252               BLADEN COUNTY WATER DI  0053100300000379
820000037937348292960000009452520000009452521566000277                         053100300000001
9000001000039000003793734829296000000945252000000945252                                       
9999999999999999999999999999999999999999999999999999999999999999999999999999999999999999999999
9999999999999999999999999999999999999999999999999999999999999999999999999999999999999999999999
9999999999999999999999999999999999999999999999999999999999999999999999999999999999999999999999
9999999999999999999999999999999999999999999999999999999999999999999999999999999999999999999999
9999999999999999999999999999999999999999999999999999999999999999999999999999999999999999999999
9999999999999999999999999999999999999999999999999999999999999999999999999999999999999999999999
9999999999999999999999999999999999999999999999999999999999999999999999999999999999999999999999
