101 053102586 0531025860311191337A094101FIRST CITIZENS BANK    FIRST CITIZENS BANK            
5200TOWN OF BETHEL                      1566001178PPDUTIL BILL 031102031102   1053102580000001
6270531025865531102156       00000034756              DR. JOSEPH SMITH        0053102580000001
6270531025865537101461       000000414222             R. L. MARTIN            0053102580000002
6270531025865537101461       000000099923             R. L. MARTIN            0053102580000003
6270531025865537114844       000000382524             HILDA CARSON            0053102580000004
6270531008500553100189       000000629527             TODD TRIPP              0053102580000005
6270530002191009988261152    000000483528             WILLIAM WAYNE ROGERSON  0053102580000006
6270530002192009900010092    000000642730             ALTON CRAWFORD          0053102580000007
6270531025865537114393       000000766732             JANIE B. CULLIFER       0053102580000008
6270530002191009988408669    000000612734             JESSE GRAY THOMAS       0053102580000009
6270531025865537114916       000000396835             FRANCES HARDY           0053102580000010
6270530002191009908048290    000000382536             WILLIAM E. HOUSE        0053102580000011
6270531025865531102201       000000382539             BETHEL HOLINESS CHURCH  0053102580000012
6270530002191009978060664    000000550841             ANNETTE J. ROUSE        0053102580000013
6270531025865537110325       000000394942             WILLIAM JOHNSON         0053102580000014
6270531025865537114369       000000454343             FRANK M. HEMINGWAY      0053102580000015
6270530002191009978041858    000000441745             FRANCES R. CARSON       0053102580000016
6270530002191009978041858    000000221746             CARSON STABLES          0053102580000017
6270531025865537114203       000000708147             NANCY B. WHITEHURST     0053102580000018
6270530002191009978009609    000000507957             DR. RICHARD RAWL        0053102580000019
6270530002191036087957039    000000544259             LEON WRIGHT             0053102580000020
62725317704908604647354      000000394461             DEBBIE SUTTON           0053102580000021
6270530002191009918140078    000000528362             EMERY DAVIS             0053102580000022
6270530002191009968266685    000000509963             CHESTER LILJA           0053102580000023
62725317704908624012073      000000566564             GEORGE KNIGHT           0053102580000024
6270530002191009918260343    000000548665             KENNETH WOOTEN          0053102580000025
6270531025865537116073       000000457170             H. L. MANNING           0053102580000026
6270531025865537110456       000000387872             J. R. BUNTING           0053102580000027
6270531025865537114449       000000537475             RUFUS E. COLTRAIN       0053102580000028
6270531025865537115388       000000683776             SAMMY T. CARSON         0053102580000029
6270531025865537114692       000000462378             BILLY ANDREWS           0053102580000030
6270530002191009910101691    000000600182             TAYLOR CARSON           0053102580000031
62725317704908605795754      000000562783             RUSTY GAUL              0053102580000032
6270530002191009948262023    000000555584             CINDY R. LEWIS          0053102580000033
6270530002191009968006308    000000520986             BOB HARRINGTON          0053102580000034
6270531025865537111491       000000721688             L. J. WHITEHURST, III   0053102580000035
6270531025865537104603       000000489594             CLINT JAMES             0053102580000036
6270530002191009978026190    000000491295             PATRICK SEARCY          0053102580000037
6270531025865537107337       0000001473105            JEAN PERKINS            0053102580000038
6270531025865537107337       0000003825106            JEAN PERKINS            0053102580000039
6270531025865537110835       0000004480107            MARJORIE BROWN          0053102580000040
62725318453701100452824      0000004340109            DAPHANE PATE            0053102580000041
6270530002191009958081320    0000004188110            PEGGY B. JAMES          0053102580000042
6270530002191009918082149    0000003952111            ROY M. JAMES            0053102580000043
6270531025865537115433       0000003968117            BONNIE W. SMITH         0053102580000044
6270531025865537115468       0000004403118            LILLIAN W. TETTERTON    0053102580000045
6270530002191009908042160    0000003839124            L. L. ANDREWS, JR.      0053102580000046
6270531025865537115230       0000004510126            JOHN L. WATSON          0053102580000047
6270531025865537115548       0000003825128            BOB BOWERS              0053102580000048
6270531025865537115791       0000006974130            RAMON LATHAM            0053102580000049
6270530002191009918100144    0000004521131            D. C. CARSON, III       0053102580000050
6270530002191009968462560    0000004549132            WILLIAM M. WHITEHURST   0053102580000051
6270531025865537114940       0000004150135            CARL MANNING            0053102580000052
6270530002191009908150748    0000004681136            LEONA CHERRY            0053102580000053
6270531025865537112179       0000003880138            JOHN MARSHALL WHITEHUR  0053102580000054
6270530002191009988048689    0000003875139            VALERIA RAWLS           0053102580000055
6270531025865537114211       0000004142141            STEVE ROEBUCK           0053102580000056
62725317704908604147237      0000003825142            MARIE COBB              0053102580000057
6270531025865537114596       0000004045143            MAVIS CURRIN            0053102580000058
6270531025865537100725       0000004736147            DOUG HOUSE              0053102580000059
6270531025865531102201       0000004711166            BETHEL HOLINESS PARSON  0053102580000060
6270530002191009918020855    0000004122169            EARL BRILEY             0053102580000061
6270531025865537115046       0000003825170            PRUDENCE GOETZ          0053102580000062
6270531025865537115513       0000003977176            LORENA B. ANDREWS       0053102580000063
6270531025865537116612       0000004158178            BARBARA L. WRENN        0053102580000064
627053112372430325010506     0000003825179            TED KEEL                0053102580000065
62725317704908606282707      0000004340180            KENNY HOUSE             0053102580000066
6270530002191009938005562    0000003999186            JEWELL WHITEHURST       0053102580000067
6270531025865537110384       0000003825187            DAVID ROGISTER          0053102580000068
6270531025865537112427       0000003825188            EDNA E. CRANDELL        0053102580000069
6270531025865537114887       0000004898189            BETTY MARIE ROBBINS     0053102580000070
6270530002191009908025284    0000004186190            WILDA IVES              0053102580000071
627053100300007215269762     0000005687193            NORMA MANNING           0053102580000072
6270531025865537111854       0000004364194            JAMES DUPREE            0053102580000073
6270530002192009920011123    0000005572196            CHRIS JAMES             0053102580000074
6270531025865537115337       0000004846200            F. CURTIS MARTIN        0053102580000075
6270531025865537105630       0000004705202            F. L. BLOUNT, JR.       0053102580000076
6270531025865537114529       0000003963203            W. T. WHITEHURST        0053102580000077
6270530002191009948242551    0000003924204            SAM G. KEEL             0053102580000078
6270531025865537114924       0000005099206            R. P. MICHAELS, JR.     0053102580000079
6270531025865537115142       0000004263207            MARY WELLS ANDREWS      0053102580000080
6270531025865537115476       0000004546210            DR. JOSEPH SMITH        0053102580000081
6270530002191009978201902    0000006369213            DAVID MILLER            0053102580000082
6270531025865531103095       0000003008228            BETHEL PHARMACY, INC.   0053102580000083
6270531025865531103095       0000002738229            BETHEL PHARMACY, INC.   0053102580000084
6270531025865537117340       0000003955243            MARGARET BOYETTE        0053102580000085
6270531025865537116567       0000004631244            DORA M. KEEL            0053102580000086
62725317704908629498025      0000004821246            EUGENE & TAMMIE CLARK   0053102580000087
6270531003007215286175       0000004727250            WILLIAM E. SHACKLEFORD  0053102580000088
6270530002191009928386259    0000004375255            BEN STROUD              0053102580000089
6270531025865537114860       0000004466261            WAYNE ROGERSON          0053102580000090
6270530002191009948201631    0000005442262            BRUCE AKERS             0053102580000091
6270531025865537112435       0000004799265            MARSHALL JOYNER         0053102580000092
6270530002191009938045357    0000004007270            JEROME GRIFFIN          0053102580000093
6270531025865537115417       0000003825271            ANNETTE MACRAE          0053102580000094
6270530002191009978029401    0000004389280            JAMES H. BARNHILL       0053102580000095
6270531025865531102658       0000004870282            W. C. WHITEHURST, JR.   0053102580000096
6270531025865537114238       0000005013283            MRS. DORIS B. TAYLOR    0053102580000097
6270531025865537106625       0000004213286            H. L. BRILEY            0053102580000098
6270531025865537114246       0000005792288            D. O. SPEIR             0053102580000099
6270530002191009908039432    0000004934289            ANNE H. CARROLL         0053102580000100
6270530002191009998081872    0000003825300            JAMES ALTON MANNING     0053102580000101
6270531025865531102658       0000003825303            W. C. WHITEHURST, JR.   0053102580000102
6270531025865537114684       0000004389314            MARION BURTON NICHOLSO  0053102580000103
6270531025865537117527       0000004694340            JOHN LEWIS AYRES        0053102580000104
6270530002191009918204338    0000004587346            NORMAN HOUSE            0053102580000105
6270530002192009900000620    0000009701359            DA-NITE LUNCH           0053102580000106
6270531025865537108639       0000004466362            MYRTLE ABEYOUNIS        0053102580000107
6270531025865537113809       0000005772363            KELLY ABEYOUNIS         0053102580000108
6270530002192009970010019    0000000750364            JOHN H. TAYLOR, JR.     0053102580000109
6270530002191009918204338    0000002779365            HOUSE'S FISH MARKET     0053102580000110
6270531025865537100776       0000004062496            MYRIAM CARRAWAY         0053102580000111
6270531025865537109527       0000004166552            WILLIE P. HARRIS        0053102580000112
6270531025865537114828       0000003839566            CORNELIUS COTTEN        0053102580000113
6270531025865237442119       0000004070572            GEORGE L. WORSLEY       0053102580000114
6270530002191009968044784    0000004920585            SHIRLEY GRIGGS          0053102580000115
6270530002191009988225897    0000004733589            JUANITA JOHNSON         0053102580000116
6270530002191009918045607    0000004331606            WILLIAM HARVEY WHITEHU  0053102580000117
6270531011215199532091       0000004153607            CYNTHIA STRICKLAND      0053102580000118
62725317704908625063876      0000003825622            GENTRY MCLAWHON         0053102580000119
6270530002192009940750176    0000003828636            J.W. ROOK & SON         0053102580000120
6270530002192009910232239    0000003527637            CLIFF & MARY EVERETT    0053102580000121
6270531025865537114211       0000002625642            CITY BARBER SHOP        0053102580000122
6270531025865531102658       0000002625643            W.C. WHITEHURST & SON   0053102580000123
6270530002192009998046557    0000002625649            BETHEL MASONIC LODGE    0053102580000124
6270531025865537110456       0000000750656            J.R. BUNTING            0053102580000125
6270530002192009998269596    0000003825666            LIVING WATER FW BAPTIS  0053102580000126
6270531025865537109631       0000004903667            N.E. CARSON             0053102580000127
62725317704908624637567      0000005412670            BEVERLY FUTRELL         0053102580000128
6270531008500252018805       0000004286681            ALBERT & FRANCES EDMUN  0053102580000129
6270531025865531102084       0000004263683            HARRELL'S AUTO REPAIR   0053102580000130
6270531025865537116188       0000002722738            JAMES LITTLE, BARBER S  0053102580000131
6270531008500252043648       0000005076754            THE PROMISED LEARNING   0053102580000132
6270531025865537116110       0000003894821            JAMES LITTLE            0053102580000133
6270531025865537118247       0000004375826            ALMETA LITTLE           0053102580000134
6272531774474104790          0000004631879            GARY WILLIS             0053102580000135
6270531008500270119319       0000003825888            JAMES L. SHELTON        0053102580000136
6270531025865537112873       0000004865917            CHARLES NEAL JAMES      0053102580000137
6270531008500753009093       0000003825977            HELEN MITCHELL          0053102580000138
6270531025865537110384       0000005792984            DAVID ROGISTER          0053102580000139
6270530002191009958048790    0000004320991            MARK CARSON             0053102580000140
6270530002191009908048290    00000057671012           W. E HOUSE              0053102580000141
6270530002192009920011123    00000021391031           C. JAMES                0053102580000142
6270531025865537117324       00000046451092           DAVID ZINKE             0053102580000143
6270531025865537117850       00000038251098           PETER LVOFF             0053102580000144
62725317704908630683578      00000043451231           GREG ZEPHIR             0053102580000145
820000014509895680040000006446380000000000001566001178                         053102580000001
9000001000015000001450989568004000000644638000000000000                                       
9999999999999999999999999999999999999999999999999999999999999999999999999999999999999999999999
