101 053100300 0531003009912291252A094101FIRST CITIZENS BANK    FIRST CITIZENS BANK            
5200City Of Havelock                    1566023932PPDPAYROLL   991231991231   1053100300000001
622053100300002787946253     00000811031              KATHLEEN G TOWNSEND     0053100300000001
6222560749740753329705       00000610122              ANGELA YANEZ            0053100300000002
622253175384108014128003     00000442733              MARY SNIDER             0053100300000003
62225318453701170134696      00001639854              THOMAS A PHILLIPS       0053100300000004
6220531011215112206916       00000768495              NANCY R ERCOLANESE      0053100300000005
6220531015294186436829       00000928626              DIANE R SCARBOROUGH     0053100300000006
622253175384108009549406     00000622097              KATHLEEN WESTBROOK      0053100300000007
622253175384108009839909     00000874058              LINDA BELL MASON        0053100300000008
6220531011215116804850       00000815599              LAURIE A O'BRIEN        0053100300000009
6222560749741172448712       000006026510             CHRISTINE R BOUFFARD    0053100300000010
6220531008500393036863       000009640211             KELLY D MARTIN          0053100300000011
6222560749740647928704       000006675812             ELENAMARIA STEINHAUSER  0053100300000012
6222560749740681853701       000006862713             KURT E WELLS            0053100300000013
6222560749740299118703       000005639414             BRIAN J BORTON          0053100300000014
622253175384108005692409     000028610115             GAYLE P CARLOS          0053100300000015
6222560749741897811707       000005172616             DARRYLL G DECOTIS       0053100300000016
6222560749741863909717       000005541817             RICHARD M DELLAPIA      0053100300000017
622253175384108005590103     000012044318             WILLIAM A DODSON        0053100300000018
6220531011215114347053       000007434619             BRIAN I EDWARDS         0053100300000019
622053100300002277796291     000005444620             GADIER GARCELL          0053100300000020
622253175384108007201908     000008022121             KENNETH L GILLIS        0053100300000021
6220531011215112204166       000005858422             KATHERINE R JOHNSON     0053100300000022
622253175384108010994202     000003219923             KEVIN B KELLEY          0053100300000023
622253175384108506641506     000007073124             MARSHELL A LAVOIE       0053100300000024
6220531011211203088848       000010900425             C KEVIN MCKENZIE        0053100300000025
6220531011215112212991       000005449026             JAMES M POLK            0053100300000026
6220531011211203088341       000007589627             KENNETH C RHODES        0053100300000027
622253175384108014088101     000008155128             DONALD E ROWE           0053100300000028
6220531011215112212940       000006456829             SCOTT W STANTON         0053100300000029
6220531011211203097812       000005115030             DEREK D WEIDLE          0053100300000030
6220531118520617648785       000005387831             D CARTER WITTEN         0053100300000031
6222560749740436722722       000006112932             BRIAN L WOODS           0053100300000032
622253175384108004848005     000005296233             LISA ANN WALTER         0053100300000033
6222531716215000075530       000008470634             CLAUDE R ANDERSON       0053100300000034
6220531011211203004806       000010180835             MICHAEL P GREEN         0053100300000035
6222560749741212278707       000005426636             JEFFREY E JONES         0053100300000036
6220531011211203098665       000009687437             RICHARD ZACCARDELLI     0053100300000037
622253175384108014211101     000007016538             RACHELLE WATTERS        0053100300000038
6322560749740069660009       000003270339             JOHN P JR SADLER        0053100300000039
62225317704908627549968      000002067940             HERBERT B II LONG       0053100300000040
6222560749741784190710       000008312941             DAVID HOOVER            0053100300000041
6220531011215116800448       000007322742             THOMAS DORN             0053100300000042
622253175384108013800500     000005188443             LINDA L KITCHEN         0053100300000043
6222560749740117021709       000005299744             FOREST L BUFFINGTON     0053100300000044
622253175384108014232708     000005382245             TROY D CHANCE           0053100300000045
6220531003002277681793       000004790446             ROGER E COLAW           0053100300000046
6220531118520617632889       000006039447             LESTER K ELLIOTT        0053100300000047
62225317538428726            000005987848             TIMOTHY LEE FORD        0053100300000048
62225317704908627903189      000004804049             JOSEPH T GRAY JR        0053100300000049
6220531011215212721338       000007133950             CHARLES E BARNARD       0053100300000050
622253175384108005242600     000004746151             JAMES M MCCLATCHEY      0053100300000051
62225318453701100219264      000006707452             SHANNON C WILLIAMS      0053100300000052
622253175384108004930803     000004804653             GERALD F PETERSEN       0053100300000053
62225317704908627549271      000001761854             TERRANCE T POWELL       0053100300000054
6220531118527210127382       000004740355             PHILLIP D BURGE         0053100300000055
62225317538472580            000005415256             ROLANDO CASTELLANOS     0053100300000056
6220531011215112204166       000004713857             DANIEL L JOHNSON        0053100300000057
63225317538481675            000004835658             ROBIN A ROBINSON        0053100300000058
622253175384108005458106     000005696159             STANLEY M RUFFIN        0053100300000059
622253175384108013490606     000005666860             EMANUEL E TANKARD       0053100300000060
6222560749740905327102       000005341561             SHANNON M GATLING       0053100300000061
622253175384108011008809     000005415362             HENRY W CLEMENTS SR     0053100300000062
820000006211332983890000000000000000042508061566023932                         053100300000001
9000001000007000000621133298389000000000000000004250806                                       
9999999999999999999999999999999999999999999999999999999999999999999999999999999999999999999999
9999999999999999999999999999999999999999999999999999999999999999999999999999999999999999999999
9999999999999999999999999999999999999999999999999999999999999999999999999999999999999999999999
9999999999999999999999999999999999999999999999999999999999999999999999999999999999999999999999
