101 053200983 0532009830607101442A094101SCBT                   SCBT                           
5200RURAL WATER DIST                    5704858790PPDUTIL BILL 060710060710   1053200980000001
627053906041400102455509     00000009419              AARON HOWELL            0053200980000001
627053201487400121257209     000000283420             EVELYN CORDRAY          0053200980000002
627253273901531000264        000000284921             NICOLE WARD             0053200980000003
6270532077661001210043295    000000119126             J. T. ROLLINS           0053200980000004
627253279099420008028486     000000163737             JENNIFER HARRELSON      0053200980000005
6272532719454005004459       000000147540             CAROLYN H. MORRIS       0053200980000006
627053201487400108537409     000000114545             WILBERT THACKER         0053200980000007
6270539044830022357875       000000200347             ROBERT T. MAYER, JR.    0053200980000008
6272532719454005024051       000000161752             LILLIAN MOORE           0053200980000009
6270539044830022351977       000000124554             RUBY HENRY              0053200980000010
6272532719454005009166       000000201362             JOHN E. BAZEMORE        0053200980000011
6272532719454005013131       000000152666             W. D. COOPER            0053200980000012
6270532018851110004817       000000118471             IVAN PARSONS            0053200980000013
6272532719454005000405       000000147084             MRS. CLAUDE FALKENHAN   0053200980000014
627253278401161182712        000000237996             HARRY DAWSON            0053200980000015
627053906041400121275409     0000000829105            BETTY C. RAY            0053200980000016
627053904483000022352892     0000002168106            ALFRED P. SEITTER       0053200980000017
6270532077661001221909454    0000001862111            DOUGLAS MOODY           0053200980000018
627053904483000022356182     0000001017117            L. AARON KIZER, JR.     0053200980000019
6272532784011077697710       0000001567123            JAKE SEITTER            0053200980000020
627053906041400109075409     0000001486127            J. B. INMAN             0053200980000021
6270532018851600000390       0000000721147            L. S. MCDONALD          0053200980000022
6270532077661001221208508    0000001223148            MARVIN MAROZAS          0053200980000023
6270539021978100411528       0000001052153            ED KOZMA                0053200980000024
6270532077661000217246384    0000001189155            J. W. JACQUES           0053200980000025
6270532077661001210158533    0000001130167            J. S. KENYON            0053200980000026
627053904483740031901        0000002211186            BARRY TRIPLETT          0053200980000027
6270539021978100109633       0000000800194            RALPH PENDER            0053200980000028
6270532018851600005019       0000001315195            THOMAS BRITT            0053200980000029
6270532077661001211182281    0000001819209            MAYNARD DAVIS           0053200980000030
6272532719452205690537       0000000780210            MARGIE J. WATTS         0053200980000031
627053201487400003786301     0000265010224            GREEN ACRES MHP         0053200980000032
627053906041400100434209     0000001356255            ALFRED AVANT            0053200980000033
6270532000192001202653278    0000011485257            IVAN PARSONS            0053200980000034
6270532018851110004775       0000003666258            IVAN PARSONS            0053200980000035
627253273901561102441        0000001107290            GEORGETOWN CHURCH OF C  0053200980000036
6272532719454005014226       0000001378291            LEVERENE JACOBS         0053200980000037
627253273901551000132        0000002289292            JAMES KIM BLACKMON      0053200980000038
627253279099420008025169     0000000975299            LINDA SCOTT             0053200980000039
6270532077661010143714284    0000001362301            DONALD A. STAHL         0053200980000040
6270532018854600050092       0000001495310            L. JEFFERY MATTHEWS     0053200980000041
6272532719454005024108       0000001652315            WOODROW SHELLEY         0053200980000042
6270532077661001222849209    0000000904323            ANNA  LAMBERT           0053200980000043
627053904483000022364228     0000000779332            CALVARY ORIG. FWB CH.   0053200980000044
6270532018851111053482       0000001002338            HELEN L. MCELVEEN       0053200980000045
627053904483000022352579     0000001135349            RICHARD A. PANGBURN     0053200980000046
6270532018851600005837       0000001046359            WILLIAM T. HARTER       0053200980000047
6272532719454005000764       0000001112360            JOHN BAZEMORE, JR.      0053200980000048
6270532080400220002109       0000001197361            MRS. H. C. FLANDERS     0053200980000049
6270532077661001210332524    0000000872369            WILMA NESMITH           0053200980000050
627253279099420008005742     0000003963379            JAMES W. OLIVER         0053200980000051
6270532018851500000235       0000001499380            JAMES ERECKSON          0053200980000052
627253279099420008032087     0000001518383            JAMES M. WILSON         0053200980000053
6272532719454005000065       0000001112384            FRANK HEALAN            0053200980000054
6272532719454091000639       0000002712390            ROBERT JERNIGAN         0053200980000055
6270532077661001212204799    0000001895401            C. H. SHOEMAKER         0053200980000056
6270532018858100365900       0000001190432            ROBERT RAMAGE           0053200980000057
6270539021978100759249       0000001497439            CRAIG ELLIOTT           0053200980000058
627053904483000022210850     0000001186449            WILLIE T. BULLARD       0053200980000059
6270532000191001211783392    0000001539457            JIM HANNA               0053200980000060
6272532719454005013026       0000001045461            WILLIAM S. HOWARD       0053200980000061
627253279099420008130976     0000000906465            HARRY MCCONNELL         0053200980000062
6270539021978100805647       0000001527516            DANNY HARRELSON         0053200980000063
6272532719454005000049       0000000702528            BLANCHE HUTCHINSON      0053200980000064
6270539021971111038400       0000000989536            HELGA Z. MORRISON       0053200980000065
6272532719454005025374       0000001106588            MICHELLE STAGGERS       0053200980000066
627253278401160430716        0000003729598            ROGER SMOAK             0053200980000067
627053904483022244776        0000001039602            VALDENA GREEN           0053200980000068
6272532784011033457712       0000002186612            DAVID POWERS            0053200980000069
6270532018851600005860       0000001021613            ORA CROSLEN             0053200980000070
627053201487400100644609     0000001232616            RAY GAILEY              0053200980000071
6270539021978100337278       0000000726653            EVA MAE HOWARD          0053200980000072
6272532719454005016278       0000001203656            JAMES F. KEEGAN         0053200980000073
6272532719454005012876       0000000801657            R. L. LAWRIMORE         0053200980000074
627053904483000022352264     0000000987658            D. O. MARTIN            0053200980000075
6270532077661001210179172    0000000716680            J C MERCER              0053200980000076
627053904483740025243        0000000700698            COLLINS SNOW            0053200980000077
627053904483000022378780     0000000715699            VERNON GRAHAM           0053200980000078
6272532784011059573715       0000000929701            KENNETH DRAYTON         0053200980000079
627053904483022218473        0000002049705            MACK LEWIS              0053200980000080
6270532077661001018488696    0000001925706            RICKY WINEGLASS         0053200980000081
6270539044830700249705       0000001882712            DAVID LEE HEYWARD       0053200980000082
6272532784011013226715       0000000904732            LORETTA WASHINGTON      0053200980000083
627253278401440979714        0000000904738            MERDELL JONES           0053200980000084
6270539021971600002537       0000000770741            GEORGE WASHINGTON       0053200980000085
6270532000191001215065472    0000001000823            LEVINE FALOR            0053200980000086
6270532018851500020597       0000003389851            KAY ROGER WALTON        0053200980000087
627253273901531018589        0000001051853            DERYL NESBITT           0053200980000088
627053906041400117932609     0000002813881            WILLIAM E. SHANNON      0053200980000089
627053904483740012761        0000004060882            SHARON R ELLIOTT        0053200980000090
6272532784011210571715       0000001221887            JOHNNIE JORDAN          0053200980000091
627053904483022353361        0000000954893            REBECCA WALKER          0053200980000092
627253279099420008002020     0000002544897            JAMES JACOBS            0053200980000093
6270532018851500000409       0000001329914            L. M. LELAND            0053200980000094
62725327909920008007203      0000000962923            FRANKLIN JOHNSON        0053200980000095
627253279099420008086525     0000001635929            ROY ROBISON             0053200980000096
6272532784016001627563       0000001054940            ELOUISE NESBIT          0053200980000097
627253273901531009323        0000001087943            MIKE BROWY              0053200980000098
627253279099420008051055     0000001116945            GEORGIA TAYLOR          0053200980000099
6270539021978100813600       0000002494950            MILES S. WHITENER       0053200980000100
627053904483022353346        0000001268969            WESTON VENTERS          0053200980000101
6270532077661001211658155    00000030881017           JOE HEINEMAN            0053200980000102
6270539021971111041081       00000005741027           FRIENDFIELD PRESBY. CH  0053200980000103
6270532000191001222680303    00000007701028           KATE MOORE              0053200980000104
6270532077661010115980282    00000010711029           EDNA ROWE               0053200980000105
6270532077661001210075467    00000009401031           CALVIN C. CANNON        0053200980000106
627053906041400117858309     00000016681038           ROBERT D. PRICE         0053200980000107
627253279099420008007889     00000009771045           THELMA THOMPSON         0053200980000108
627053904483022350987        00000010691048           EDDIE COX               0053200980000109
627253279099420008005373     00000007741068           DONNIE LANE             0053200980000110
627253279099420008044486     00000010991069           SHIRLEY POLSON          0053200980000111
627253278401160299715        00000013471082           JOE LONG                0053200980000112
627253273901561102441        00000019311086           CHURCH OF CHRIST        0053200980000113
627053904483022386528        00000007001087           ALICE WILLIAMS          0053200980000114
6270539021971500009228       00000009721093           HERBERT BURGESS         0053200980000115
6270532000191001221280445    00000020661098           MAXIE ALTMAN            0053200980000116
6272532719454005010230       00000053071106           PATRICK JACOBS          0053200980000117
627253279099420008042909     00000008471117           RODNEY N. COOK          0053200980000118
6272532719454005000691       00000012751133           JULIUS B. INMAN, JR.    0053200980000119
627053206660510005699201     00000007761140           FRANKLIN JOHNSON        0053200980000120
6272532719454091000956       00000019291151           HARRETT DAVIS           0053200980000121
6272532784011171570714       00000017131154           LARRY OWENS, SR.        0053200980000122
627053906041400106109409     00000011461202           ANGEL KHOURY            0053200980000123
6272532719454005014894       00000017941209           ELDER B. HOLMES         0053200980000124
627253278401162372718        00000010751226           LARRY OWENS, JR.        0053200980000125
6270539021971111000509       00000010801231           FRANCIS KING            0053200980000126
627253279099420008045236     00000034981238           LARRY PARROTT           0053200980000127
627253273901561102508        00000009321241           PARSONS GARDEN CENTER   0053200980000128
6272532719454005031951       00000010751263           OSCAR TORRES            0053200980000129
6272532719454005004522       00000012721272           RICHARD E. ROBINSON     0053200980000130
627253279099420008044237     00000014141274           CLAUDINE T. DRAYTON     0053200980000131
627053904483022351233        00000008971281           BETTY C. FREEMAN        0053200980000132
6270532077661001221785856    00000014881287           WAYNE D. BRYANT         0053200980000133
627253273901531000736        00000010971291           PAMELA C. SMITH         0053200980000134
627053201487080447616609     00000007001293           LOUISE FLOYD            0053200980000135
627053904483022386528        00000008701304           ALICE WILLIAMS          0053200980000136
627253279099420008025269     00000018501308           RON LOWELL              0053200980000137
6270532018851500051667       00000016171310           JAMES MIDDLETON         0053200980000138
6272532719454005039373       00000013851314           KATHY FERDON            0053200980000139
6272532719454005037622       00000011911324           TINA PHILLIPS           0053200980000140
627053906041400117749409     00000010301344           BARBARA F PHILLIPS      0053200980000141
627053904483000776851897     00000007571354           FRANKIE BROWN           0053200980000142
627253278401163006711        00000015241381           VANESSA G WHITE         0053200980000143
627253279099420008056128     00000011551408           CLAUDETTE MORRISON      0053200980000144
627253279099420008021629     00000016911412           CELIA K SARGENT         0053200980000145
6270532018851600005910       00000014751420           EDWARD POOLE            0053200980000146
627253279099420008072429     00000014881426           JOHN SEALE              0053200980000147
6270532018851500027212       00000008001441           SHELLY BRANTLY          0053200980000148
6270532018857100037175       00000039541444           CASSIE P HILL           0053200980000149
627253279099420008060253     00000019221484           LUCIOUS INFINGER        0053200980000150
627253279099420008050111     00000025171513           THURMOND MONTGOMERY     0053200980000151
627253279099420008044525     00000014881533           VERONICA BAKER          0053200980000152
6272532784011070349715       00000013531545           HENRY COOPER            0053200980000153
6270532077661001211568148    00000013711554           DENNIS ALLEN            0053200980000154
627253278401165682717        00000014031555           CLEVELAND HOLMES        0053200980000155
627253273901531000520        00000007001563           P W SHAW                0053200980000156
627253278401169985710        00000016791566           WINNIE JORDAN           0053200980000157
627253273901555000674        00000012561573           WALLACE E. DINGLE       0053200980000158
6270532080400220000293       00000012971626           CALVIN RICHARDSON       0053200980000159
6270532009831771005202       00000039121675           JAMES M LYNCH           0053200980000160
627253278401161421714        00000024221702           ALICE SINGLETON         0053200980000161
6270532000191001211380517    00000012091711           GARY PLYLER             0053200980000162
6272532784011001420718       00000019951748           LINDA MERRITT           0053200980000163
627253278401166307710        00000022041750           BUDDY GRANT             0053200980000164
6270532077661001221304619    00000007071798           MCCREA EWART            0053200980000165
6270532016075123625295       00000008161823           DANIEL WIGGINS          0053200980000166
6272532784011100704715       00000037521835           WAYNE ARCHER            0053200980000167
6270532000191001221023466    00000007821858           J FRANK TAYLOR          0053200980000168
627253279099420008056856     00000028721884           RODNEY PITTS            0053200980000169
627053904483022372494        00000010001898           MARTHA B. HARPER        0053200980000170
6270532077661001222821489    00000007041899           BETTY JACOBS            0053200980000171
6272532784011157618719       00000018531950           TAMI LAMBERT            0053200980000172
627053201487400120919809     00000018552047           L T SESSIONS JR         0053200980000173
6270532018851111051601       00000011962077           MARK MORELOCK           0053200980000174
627053904483000026167791     00000014772086           BETTY MELDRUM           0053200980000175
6272532719454005001443       00000022082101           LEWIS J. BRITT, JR.     0053200980000176
627253273901531012830        00000011152109           KELLY PRICE             0053200980000177
6270532077661001221734467    00000009872117           JEANNIE MERRITT         0053200980000178
6270532077661001222002318    00000009902179           SUSAN E HOWELL          0053200980000179
6270539021971500025208       00000015272205           CHRISTOPHER BAKER       0053200980000180
6272532784011107916718       00000011602267           PAMELA HEMINGWAY        0053200980000181
627053904483000035732221     00000011052352           WAYNE MORRIS JR         0053200980000182
6270539021971500028640       00000012572356           CARL L ANDERSON         0053200980000183
627253279099420008101387     00000014012393           TOMMY HARDWICK JR       0053200980000184
62722147641311480000169712   00000014052414           WAYNE HUMPHREY          0053200980000185
627053904483022359129        00000023252452           R. MARK PENDER          0053200980000186
6272532719454005002075       00000007412456           DRUCILLA SMALLS         0053200980000187
6270532000191001211783392    00000024962523           REBA DOWD               0053200980000188
627053904483000740022325     00000010242587           CHARLES S. EDGE         0053200980000189
6272532719454005019658       00000023002591           DAVID COOPER            0053200980000190
627253273901531010974        00000007702658           DAVID CYR               0053200980000191
627253273901531010974        00000020212682           SUSAN CYR               0053200980000192
6272532784011113163719       00000041032689           EDDIE LEE MCDANIEL      0053200980000193
627053904483000782408836     00000013132774           JULIA K. ELLINGTON      0053200980000194
6272532784011098281718       00000020422798           LINDA ROTH              0053200980000195
6272532720090200000038095    00000009862846           CAROLYN A. DAVIS        0053200980000196
627253278401162826713        00000014752883           JACKIE ALFORD           0053200980000197
6272532719454005020007       00000014972920           TINA OLIN               0053200980000198
627253279099420008042909     00000015582925           RODNEY COOK             0053200980000199
627253273901531003946        00000008002960           NELSON BROWN            0053200980000200
6270532000191005612538650    00000018932970           BRIAN FINLEYSON         0053200980000201
627053904483000773312834     00000009922975           SUSAN DISMUKES          0053200980000202
6272532719454091005998       00000009703097           SCOTT PETERS            0053200980000203
6270532000191001210743142    00000011343106           PATRICIA ZACK           0053200980000204
627253279099420008107158     00000011873152           RANGELEY FERDON         0053200980000205
6270532077661001221443143    00000015693162           KATHY CAIN              0053200980000206
627053904483000784778564     00000018283164           DENNIS RUSS             0053200980000207
6270532000191007414831922    00000008063220           MATTHEW J HAMMOND       0053200980000208
627253273901531011733        00000019473256           MALA LEE                0053200980000209
627253273901531015759        00000040603365           DAPHNE WESTBROOKS       0053200980000210
627253273901533035409        00000011423371           ANTHONY CORVELLI        0053200980000211
6271140006537476718895       00000009713400           TREY HELMS              0053200980000212
6272532784011154992711       00000024833401           TAMAHRA EVANS           0053200980000213
6272532784011167030715       00000083783402           SHEILA OWENS            0053200980000214
627053201487400126356709     00000011653421           BILL BOONE              0053200980000215
6270532077661001221734797    00000010693432           HOMER PHIPPS            0053200980000216
627253273901531003128        00000010823441           LOUISE BESSELLIEU       0053200980000217
6272532719454091002013       00000038423447           BEN HOLT                0053200980000218
6272532719454005030581       00000009573480           SUSAN SHOMAN            0053200980000219
6272532719454105015069       00000041543489           PAMELA WISE             0053200980000220
627053904483000023350184     00000008613515           MIKE MCCLAMROCK         0053200980000221
6270532077661001210079421    00000009493533           WILBUR OR GERTRUDE CHA  0053200980000222
6272532784011189849712       00000012573544           MARY MAESER             0053200980000223
627211977171000008410        00000008893556           DONALD DEVANNEY         0053200980000224
627253273901531020247        00000011603589           LYNN FREEMAN            0053200980000225
627253273901531004506        00000008793659           MALCOLM FORE            0053200980000226
6270532077661001221304619    00000023853733           MCCREA EWART            0053200980000227
6270532077661003012185414    00000007193784           JERRY RAY               0053200980000228
6272532784011037831714       00000009093828           TIMOTHY R. HAMMOND      0053200980000229
6272532719454005047740       00000007023849           VICKI NEWSON            0053200980000230
6272532719454005047740       00000008103928           VICKI NEWSOM            0053200980000231
6220532009831770000600       0000627926               RURAL WATER DISTRICT    0053200980000232
820000023234775466290000006279260000006279265704858790                         053200980000001
9000001000024000002323477546629000000627926000000627926                                       
9999999999999999999999999999999999999999999999999999999999999999999999999999999999999999999999
9999999999999999999999999999999999999999999999999999999999999999999999999999999999999999999999
9999999999999999999999999999999999999999999999999999999999999999999999999999999999999999999999
9999999999999999999999999999999999999999999999999999999999999999999999999999999999999999999999
