101 05140426012545678901805311256A094101BB&T                   BB&T                           
5200TOWN OF DAMASCUS                    2222222222PPDPAYROLL   180531180531   1051404260000001
6220514042600000255182935    00001002761              JOE I FRITTS            0051404260000001
6220514042605236592520       00000303942              ISABELL B STANLEY       0051404260000002
62205140184914104425         00001096783              KERMIT W TURNER         0051404260000003
622051404260154643559        00000977134              TUESDAY POPE            0051404260000004
62205140491402101020         00000607905              RALPH LANE              0051404260000005
6220514042600005234245246    00000632936              LINDA ROUSE             0051404260000006
632314074269206312024        00000031407              KRISTEN ANDERSON        0051404260000007
6220514042605232204429       00001077738              MICHAEL HOUNSHELL       0051404260000008
622264279350104723962        00000854599              DONALD WAGNER           0051404260000009
622264279350103742468        000003301510             SARAH JANE              0051404260000010
622264279350100847360        000008415611             NATHANIAL SELFE         0051404260000011
622264279350106147532        000000304712             SKYLAR HILL             0051404260000012
627111111111317002015610000210000778734               TOWN OF DAMASCUS        0051404260000013
820000001301842130820000007787340000007787341546001242                         051404260000001
9000001000002000000130184213082000000778734000000778734                                       
9999999999999999999999999999999999999999999999999999999999999999999999999999999999999999999999
9999999999999999999999999999999999999999999999999999999999999999999999999999999999999999999999
9999999999999999999999999999999999999999999999999999999999999999999999999999999999999999999999
