101 053101121 0531011210107231144A094101BRANCH BANKING & TRUST BRANCH BANKING & TRUST         
5200BLADEN COUNTY WA                    5660002770PPDUTIL BILL 010730010730   1053101120000001
627053100300000688027814     000000314533             MILLIE THOMPSON         0053101120000001
627053100300000688011004     000000232058             DONALD L GRANGER        0053101120000002
62725317704908624986046      0000002898159            WILLIAM R EVANS         0053101120000003
6270531011215217514950       0000002045216            PAUL M GOODEN           0053101120000004
6270531076332607255130       0000001770315            DOUGLAS R LONG          0053101120000005
6270531011215217520438       0000001633326            CLYDE W JOHNSON         0053101120000006
6270531076332600300485       0000002128341            CLARK VALENTINER        0053101120000007
6270531011215217517437       0000001495347            SAMUEL G WARREN         0053101120000008
627053100300000688012507     0000001055368            GRACE P HESTER          0053101120000009
6270531011215217516244       0000001220439            JAMES L LINDSAY         0053101120000010
627053100300000688000452     0000001605457            DAVID ATKINSON          0053101120000011
627053100300000688015808     0000001798601            JAMES M KINLAW          0053101120000012
6270531076332604201737       0000001853602            HUBERT G CARROLL        0053101120000013
6270531076332604202421       0000001110603            LUELLA C WIKE           0053101120000014
62725317704908624647212      0000001358701            SUZETTE L BROOKS        0053101120000015
627053000196000669953938     0000001440704            EBERT G GUYTON          0053101120000016
627053100300000000126026     0000001165718            JAYFORD DOWLESS         0053101120000017
62725317704908627171790      0000001660840            FRANKLIN ALLEN          0053101120000018
6270531011215217516759       0000001000926            LEONARD R SASSER        0053101120000019
62725318453701100381317      0000002210960            BILLY MCGAVOCK          0053101120000020
62725317704908625396857      00000016881017           MARGARET D HARDEE       0053101120000021
6270531076332605263621       00000021551124           BOBBY NORRIS            0053101120000022
627053100300000348788939     00000016601252           MARY L MCKOY            0053101120000023
62725317704908626985274      00000016881277           LEON TODD               0053101120000024
6270531011215217734020       00000014681534           E.M. RUSS               0053101120000025
627053100300000688037968     00000010001545           RUBY H HENRY            0053101120000026
627053100300000000183068     00000013031546           TERRENCE E EDWARDS      0053101120000027
6270531076332605212938       00000016051555           WENDELL GARNER          0053101120000028
6270531011215213384696       00000010551581           MARJORIE NEFF           0053101120000029
627053100300000688053688     00000034201606           BOBBY CAIN              0053101120000030
627053100300000347784143     00000010001627           CAROLD'S BEAUTY SHOP    0053101120000031
6270531011211353023876       00000013581628           EARL B HARRIS           0053101120000032
627053100300008715212627     00000096431704           CHARLES W TEDDER        0053101120000033
627053100300008715211587     00000016881709           NASH HESTER             0053101120000034
6270531011215217527769       00000014131759           RAY SUGGS               0053101120000035
6270531011215217737852       00000010001788           INEZ MCEWEN             0053101120000036
6270531011215214118698       00000014401800           LEE HALL                0053101120000037
62725317704908605208222      00000020451827           N W SINGLETARY          0053101120000038
627053100300000688007414     00000013031866           ALICE DEAVER            0053101120000039
62725317704908614394178      00000017701890           HELEN D DOVE            0053101120000040
6270531076332605075998       00000016881995           BETHEL BAPTIST CHURCH   0053101120000041
6270531076332609232939       00000017702137           ROSCOE SESSOMS          0053101120000042
6270531076332607235849       00000013852143           FULTON STOKES           0053101120000043
62725317704908627174465      00000021282316           THERESIA S WRIGHT       0053101120000044
627053100300008710001943     00000044652392           KEITH A CLARK           0053101120000045
62725317704908605231465      00000011102394           DORIS AYCOCK            0053101120000046
62725317704908606413607      00000025132485           THOMAS F PRITCHARD      0053101120000047
627053100300000000366192     00000010002602           BERNARD POPE            0053101120000048
6270531076332606208479       00000011382709           WALTER BRYAN            0053101120000049
6270531076332605201440       00000028432727           DAVID C DAVIS           0053101120000050
62725317704908624646180      00000019352763           MELINDA UNDERWOOD       0053101120000051
627053000196000606650414     00000013582780           MARGIE EVANS            0053101120000052
62725317704908624111688      00000011382871           SYLVIA K SPEER          0053101120000053
62725317704908625765405      00000015232894           WAYNE EDGE              0053101120000054
62725317704908624690173      00000026232942           STEPHEN A BARNHARDT     0053101120000055
627053100300008715215430     00000024033151           SAMUEL N WEST           0053101120000056
6270531076332600201744       00000010003158           ELIZABETH HESTER        0053101120000057
627053100300008805202541     00000021833187           ISAAC M HESTER          0053101120000058
6270531004944346317505       00000014683224           W B DRAPER              0053101120000059
627253177133112000604103     00000025213240           VONNIE R GUYTON         0053101120000060
6270531076332608270465       00000022653311           SHERMAN L GRAHAM        0053101120000061
6270531011215195013510       00000018253330           FRED V WRIGHT           0053101120000062
627053100300000688016278     00000010003423           BOBBY LENNON            0053101120000063
6270531076332605228915       00000014683438           LEWIS PASCHAL           0053101120000064
6272531844270000000290664    00000016053497           FRANCES KREIN           0053101120000065
6270531011215217551023       00000014403972           BRONNIE F BOWEN         0053101120000066
627053100300000682751480     00000011104160           CENTER MISSIONARY BAPT  0053101120000067
62725317704908625765819      00000017704179           ELIZABETH A BROWN       0053101120000068
627053100300008805239002     00000023004184           DERRY SINGLETARY        0053101120000069
627053000196000606510914     00000013584313           JOHN LEE                0053101120000070
6270531011215216503858       00000028154365           SUSAN G PREVETTE        0053101120000071
627053100300008715217356     00000010004388           KIMIYO L STEWART        0053101120000072
627053100300008715207326     00000047404491           KENNETH WHITE           0053101120000073
627053000196000685469846     00000015784523           VANESSA LLOYD           0053101120000074
627053100300000688015123     00000022104681           LYNN JOHNSON            0053101120000075
627053100300008805206200     00000021004720           JOE ALLEN               0053101120000076
6270531076332607226048       00000026234998           ANITA DEPAUL            0053101120000077
6270531008501193019940       00000023735099           MALCOLM G SINGLETARY    0053101120000078
6270531011215217513539       00000019355142           OLIVER GAUSE            0053101120000079
6270531076332604210398       00000010005584           TILLIE RIDGEWAY         0053101120000080
627053100300000688044395     00000015785620           ALONZA STEPHENS         0053101120000081
62725317704908625450198      00000021555953           ERIC CAIN               0053101120000082
62725317704908627890074      00000010555965           PEGGY BARNETTE          0053101120000083
627053100300008800005338     00000025756249           ANDREW MITCHELL BARFIE  0053101120000084
6272531717281690017509       00000447126300           DOGWOOD PARK            0053101120000085
6270211011081010001780185    00000013036405           JAMES O. MCKOY          0053101120000086
6270531076332605210213       00000010006493           TRACY PARRISH           0053101120000087
6220531011215217510165       0000205695               BLADEN COUNTY WATER DI  0053101120000088
820000008808842186410000002056950000002056955660002770                         053101120000001
9000001000010000000880884218641000000205695000000205695                                       
9999999999999999999999999999999999999999999999999999999999999999999999999999999999999999999999
9999999999999999999999999999999999999999999999999999999999999999999999999999999999999999999999
9999999999999999999999999999999999999999999999999999999999999999999999999999999999999999999999
9999999999999999999999999999999999999999999999999999999999999999999999999999999999999999999999
9999999999999999999999999999999999999999999999999999999999999999999999999999999999999999999999
9999999999999999999999999999999999999999999999999999999999999999999999999999999999999999999999
9999999999999999999999999999999999999999999999999999999999999999999999999999999999999999999999
9999999999999999999999999999999999999999999999999999999999999999999999999999999999999999999999
