101 053201607 0532016071407071815A094101BRANCH BANKING & TRUST BRANCH BANKING & TRUST         
5200COMMISSION OF PU                    1570443088PPDUTIL BILL 140601140601   1053201600000001
62712345678 098543211        00000129186175           EP 1 TEST               0053201600000001
6220532016075127541142       0000012918               COMMISSION OF PUBLIC W  0053201600000002
820000000200176658380000000129180000000129181570443088                         053201600000001
9000001000001000000020017665838000000012918000000012918                                       
9999999999999999999999999999999999999999999999999999999999999999999999999999999999999999999999
9999999999999999999999999999999999999999999999999999999999999999999999999999999999999999999999
9999999999999999999999999999999999999999999999999999999999999999999999999999999999999999999999
9999999999999999999999999999999999999999999999999999999999999999999999999999999999999999999999
