101 053101121 0531011210003090945A094101BRANCH BANK & TRUST    BRANCH BANK & TRUST            
5200WADESBORO NC                        0561648911PPDUTIL BILL 000310000310   1053101120000001
6270531008501170002150       00000042488              FIRST BAPTIST CH        0053101120000001
6270531011215118820640       000000344715             MRS ROBERT L CLARKE     0053101120000002
6270531008501173059312       000000395718             HELEN J MAREE           0053101120000003
6270531011215118798505       000000344721             MRS MARY C WOOD         0053101120000004
6270531011215118805277       000000317723             BETTY C. LOWE           0053101120000005
6270531011215118792191       000000317734             PRESTON BURNS           0053101120000006
6270531011215118792396       000000395736             CHARLES SHELTON         0053101120000007
6270531011215118804688       000000395739             MAE L RATLIFF           0053101120000008
6270531011215118830700       000000317755             TU-PAUL COMMUNICATION   0053101120000009
6270531011215216273216       000000317762             ERIC FORBES             0053101120000010
6270531011215216273216       000000317764             FORBES JEWELERS         0053101120000011
6270531008501170004578       000000277794             J B VIDEO               0053101120000012
6270531011215118812370       0000001970124            RAY DEESE               0053101120000013
6270531011215118831324       0000012301126            ANSON APPAREL           0053101120000014
6270531011215118834374       0000003177132            EDITH S CURRIE          0053101120000015
6270531011215118792418       0000003177139            FRED SPARGER            0053101120000016
6270531011215118826371       0000003447141            SPENCER LOWE            0053101120000017
6270531011215118801239       0000003177149            LEWIS RIVERS            0053101120000018
6270531011215118806699       0000004628173            JAMES R MORGAN          0053101120000019
6270531008501173008400       0000003957178            DAVID THOMAS            0053101120000020
6270531011215218167111       0000002777188            ROBERT L BRIDGER        0053101120000021
6270531011215210364252       0000004058189            FULTON C ALLEN          0053101120000022
6270531008501173007037       0000003177195            RUTH G MORTON           0053101120000023
6270531008501173009956       0000003447196            THOMAS P HILDRETH       0053101120000024
6270531011215118792477       0000005891201            ROBERT TOLLISON         0053101120000025
6270531011215118792477       0000007565202            ROBERT B TOLLISON SR    0053101120000026
6270531008501173015547       0000003957203            JAMES B SMITH           0053101120000027
6270531011215118834250       0000003957208            RUTH S MORGAN           0053101120000028
6270531011215118797339       0000003447212            WELLS ROSS              0053101120000029
6270531011215118796200       0000002381222            ADDISON MOORE           0053101120000030
6270531011215118826452       0000001235223            ADDISON MOORE & SON     0053101120000031
6270531011215118792809       0000001999248            CHARLIE BELLE BENTON    0053101120000032
6270531011215116176345       0000001235249            SUSAN MONROE            0053101120000033
6270531011215118803673       0000003453258            DANIEL W KELLY          0053101120000034
6270531011215118804327       0000001235272            J D RORIE               0053101120000035
6270531008501173029578       0000003177275            ANN THOMAS              0053101120000036
6270531008501173036217       0000003686317            WOODROW CHEWNING        0053101120000037
6270531011215115065078       0000008876324            EDMOND L RATLIFFE       0053101120000038
6270531011215216270799       0000003126330            BOB GARRIS              0053101120000039
6270531011215210364201       0000003528343            FETZER MILLS            0053101120000040
6270531011215118805986       0000001235346            MAMIE E HAMILTON        0053101120000041
6270531011215210271688       0000006459348            GEORGE YOUGH            0053101120000042
6270531008501173002789       0000001235350            DAVID A BURR            0053101120000043
6270531011215118813326       0000001235351            MINNIE LEE MOORE        0053101120000044
6270531011215118792655       0000001235364            EUGENE H BEAN           0053101120000045
6270531011215118796111       0000001235366            J W MEEKS               0053101120000046
6270531011215118796294       0000004014393            BRYTE MORRIS            0053101120000047
6270531008501173013111       0000003091442            WILLIE OLIVER           0053101120000048
6270531008501173032347       0000001258444            ALBERT CARTER           0053101120000049
6270531008501173004864       0000002442446            LOUISE GARDNER          0053101120000050
6270531008501173007950       0000001235457            GENE SHEPHERD           0053101120000051
6270531008501173033585       0000001235477            ROY TICE                0053101120000052
6270531008501173035433       0000001235490            DAVID THOMAS, III       0053101120000053
6270531011215118793015       0000001235501            CHARLES BROWER          0053101120000054
6270531011215118801875       0000002218517            TIM KELLY               0053101120000055
6270531011215118811897       0000003435522            LEON B WADDELL          0053101120000056
6270531008501173002930       0000001987529            DON B JAMES             0053101120000057
6270531011215114605605       0000003447577            FLOYD INGRAM            0053101120000058
6270531008501173010754       0000003177621            BARRY JAMES,ACCOUNTANT  0053101120000059
6270531011215118803401       0000003177624            MRS MAMIE H BENNETT     0053101120000060
6270531011215118794631       0000004468628            J L HARRINGTON          0053101120000061
6270531008501173009294       0000003177652            MRS JOE ROSS BEACHUM,   0053101120000062
6270531011215118795891       0000001999672            KATE H MABRY            0053101120000063
6270531008501170002572       0000002540703            NORTH WADESBORO BAP CH  0053101120000064
6270531008501173005250       0000001400739            KATIE HASTY             0053101120000065
6270531008501173026633       0000003177744            JAMES D LEWIS           0053101120000066
6270531011215118795727       0000003957760            MARY BENNETT LITTLE     0053101120000067
6270531011215118793635       0000003177762            J B CRIDER              0053101120000068
6270531011215118805188       0000003177766            MR J D MCLEOD           0053101120000069
6270531011215118814284       0000003177790            JIMMIE R ODOM           0053101120000070
6270531011215114605222       0000003957829            WALTER TILLMAN          0053101120000071
6270531011215118803290       0000003177860            LEON GATEWOOD           0053101120000072
6270531011215118801212       0000003177863            MILDRED RICHARDSON      0053101120000073
6270531011215118794321       0000003447881            MRS. J H RUMPH          0053101120000074
6270531011215118824743       0000003447891            ALICE LINDSEY           0053101120000075
6270531008501173004223       0000003177897            LUCILLE CRUMP           0053101120000076
6270531011215118827289       0000003177911            MARY STURDIVANT         0053101120000077
6270531008501173017024       0000016494919            ST MARK'S HOLLINESS CH  0053101120000078
6270531008501173019820       0000003957925            DAVID HARRINGTON        0053101120000079
6270531011215118833823       0000003453945            JOHN T BENNETT          0053101120000080
6270531011215118826657       00000210021060           THE HUB GRILL           0053101120000081
6270531008501173022421       00000034471128           MRS GLENN LEWIS         0053101120000082
6270531011215118812613       00000034471240           BENNETT DEESE           0053101120000083
6270531011215118832592       00000031771241           ANSON CRISIS MINISTRY   0053101120000084
6270531011215118799366       00000031771247           C H BURNS               0053101120000085
6270531008501170008376       00000031771250           H T SHORT               0053101120000086
6270531008501170001908       00000031771254           ANSON PROFESSIONAL BLD  0053101120000087
6270531011215118814357       00000114531265           BILL WALL               0053101120000088
6270531008501173010279       00000066161267           IRENE C HORTON          0053101120000089
6270531011215211403332       00000063661270           CHARLES COLLINI         0053101120000090
6270531011215118827696       00000031771285           ANSON CO HISTORICAL SO  0053101120000091
6270531011215118792477       00000066871292           ROBERT TOLLISON         0053101120000092
6270531011215118794372       00000106781300           CALLIE GRAVES           0053101120000093
6270531008501173041817       00000032451301           MRS WAYNE T SIMMONS     0053101120000094
6270531008501173005613       00000054531314           H H HUNTLEY             0053101120000095
6270531011215216270934       00000010001315           H P TAYLOR JR           0053101120000096
6270531011215216270934       00000042791316           H P TAYLOR JR           0053101120000097
6270531008501173006472       00000031771330           CLARA LOWERY            0053101120000098
6270531008501170003639       00000031771336           SAM SESSIONS            0053101120000099
6270531011215118795700       00000059831343           MRS. CHARLES LITTLE     0053101120000100
6270531011215118796952       00000038601346           KERMIT PRATT            0053101120000101
6270531011215210364538       00000039871351           ANDREW MANER            0053101120000102
6270531011215118804653       00000034161352           FLEETWOOD MANER         0053101120000103
6270531011215118792663       00000031771371           HUBERT BECK             0053101120000104
6270531008501173007539       00000027771374           JOHN RATLIFF            0053101120000105
6270531011215118793570       00000031771377           IMOGENE COVINGTON       0053101120000106
6270531011215118793740       00000032241426           SARAH DAVIS             0053101120000107
6270531011215217838810       00000031771433           FANCY CRAFTS            0053101120000108
6270531008501173004207       00000031771457           MRS NORWOOD COX, JR     0053101120000109
6270531011215216269863       00000031771465           ROBERT HUNTLEY          0053101120000110
6270531008501173009518       00000044271466           SAM HARRELL             0053101120000111
6270531008501173022093       00000031771470           CORRINE MCKINNON        0053101120000112
6270531008501170005415       00000031771473           ANNE LYON               0053101120000113
6270531008501173005584       00000044831474           DONALD R HUFFMAN        0053101120000114
6270531008501173014958       00000026371476           DAVID D BLALOCK         0053101120000115
6270531008501173010121       00000080611481           JUDY'S TAX SERVICE      0053101120000116
6270531011215118826371       00000031771486           LOWE'S PRINTING OFFICE  0053101120000117
6270531011215118803878       00000042181490           WILBERT MAE TEAL        0053101120000118
6270531011215118811129       00000049431493           LISA WHITE              0053101120000119
6270531011215118792817       00000031771515           DOROTHY BENTON          0053101120000120
6270531011215118803568       00000081861522           JAMES A HARDISON JR     0053101120000121
6270531008501173002949       00000040581526           MARIE WALL              0053101120000122
6270531011215118792353       00000012351548           MARSHALL RATLIFF        0053101120000123
6270531011215118792701       00000059731550           CARL BENNETT            0053101120000124
6270531011215118814640       00000034231552           MARK BENNETT            0053101120000125
6270531011215118814950       00000026791557           DONNA M BURR            0053101120000126
6270531011215118817240       00000040641565           MRS IRVIN BALLARD       0053101120000127
6270531008501179850228       00000038961582           ELVIRA M HOUGH          0053101120000128
6270531011215118797525       00000031771585           CHARLES R SMITH         0053101120000129
6270531011215118803789       00000031771586           MACK COLEY              0053101120000130
6270531008501173004725       00000031771591           ADA GADDY               0053101120000131
6270531011215118794240       00000033341594           JOE GADDY               0053101120000132
6270531011215118794313       00000067331596           JOHN E GATHINGS         0053101120000133
6270531008501170002492       00000031771606           THE LYON CO             0053101120000134
6270531008501170003110       00000031771607           H & R BLOCK             0053101120000135
6270531011215118808519       00000080571610           ROBERT F TYSON          0053101120000136
6270531011215210364279       00000031771633           J M LILES               0053101120000137
6270531008501170003698       00000094761634           FIRST PRESBYTERIAN CHU  0053101120000138
6270531008501170004578       00000031771645           J B VIDEO               0053101120000139
6270531008501173037850       00000031771656           LEONARD KELLY           0053101120000140
6270531011215118805609       00000031771673           KATHERINE BRIDGES       0053101120000141
6270531011215118800372       00000034471674           WAYNE KELLY             0053101120000142
6270531011215116324204       00000034471685           WILLIE T MOORE          0053101120000143
6270531011215210365550       00000031771706           EARL R COLE             0053101120000144
6270531011215118804068       00000034471712           W T KNOTTS              0053101120000145
6270531008501173018537       00000031771716           JACKSON M KNOTTS        0053101120000146
6270531008501173018406       00000031771722           ETHEL SMITH             0053101120000147
6270531011215118802944       00000031771728           BEULAH GROOMS           0053101120000148
6270531011215118807652       00000014001734           FRANK RATLIFF           0053101120000149
6270531011215118796545       00000012351772           JESSIE NORTHCUTT        0053101120000150
6270531011215118835257       00000023811781           LARRY GRIGGS            0053101120000151
6270531011215118797134       00000012351784           LAWRENCE RATLIFF, SR    0053101120000152
6270531008501173004944       00000019991786           CARL GIBSON             0053101120000153
6270531008501173000185       00000034471824           KENT THOMPSON           0053101120000154
6270531008501173003984       00000031771825           PAULINE CHILDS          0053101120000155
6270531011215118802243       00000031771834           EMMA LEE RAYFIELD       0053101120000156
6270531011215118807717       00000031771847           MARGARET MCRAE          0053101120000157
6270531011215118810254       00000044681849           AMY LEE WHITE           0053101120000158
6270531011215118794259       00000015901860           EDD GADDY               0053101120000159
6270531011215118820063       00000034471862           DAIVD & ELLEN PARKER    0053101120000160
6270531008501173005648       00000054881885           KEMP HUNTLEY            0053101120000161
6270531008501173051767       00000034471894           GEORGE F SLATT          0053101120000162
6270531011215118792175       00000031771907           SARA C. & W. K. AUBRY   0053101120000163
6270531011215210365895       00000031771930           SALLIE BATTOGLIA        0053101120000164
6270531011215118799366       00000039571941           C H BURNS               0053101120000165
6270531011215118826665       00000031771951           TUCKER T V              0053101120000166
6270531011215118826665       00000031771952           TUCKER T V              0053101120000167
6270531011215118828234       00000019991955           DORIS MCLENDON          0053101120000168
6270531008501170005423       00000091471961           ALAN LYON JR            0053101120000169
6270531011215118807776       00000012351976           CHARLIE PIGG            0053101120000170
6270531008501170008376       00000042171982           H T SHORT               0053101120000171
6270531011215214712395       00000027631997           ERIC FORBES             0053101120000172
6270531011215118827998       00000012352003           FLAT ROCK BAPT CHURCH   0053101120000173
6270531008501170004578       00000012352013           J B VIDEO               0053101120000174
6270531011215118826428       00000150482015           MARTIN BROTHERS, INC    0053101120000175
6270531008501173025833       00000034472016           LOIS G RAYFIELD         0053101120000176
6270531008501173002906       00000031772021           JAMES VON CANNON        0053101120000177
6270531011215118808411       00000049782025           MARY GADDY RATLIFF      0053101120000178
6270531011215118794666       00000031772028           NELL HARRINGTON         0053101120000179
6270531011215118803924       00000039572029           AMOS PIGG               0053101120000180
6270531008501173005752       00000031772030           JAMES R HURST           0053101120000181
6270531011215118824662       00000039572031           JOHN POTTER, JR         0053101120000182
6270531011215118794828       00000054882032           WILLIAM CLYDE HENRY     0053101120000183
6270531011215118792264       00000044682035           WILLIAM D GADDY         0053101120000184
6270531011215118805250       00000031772039           BRADFORD SMITH          0053101120000185
6270531011215118808330       00000031772059           JAY HARRINGTON          0053101120000186
6270531011215210629213       00000044682083           JOHN NICHOLSON, III     0053101120000187
6270531008501173013656       00000023812226           KIRK WALLACE            0053101120000188
6270531008501173008507       00000023812231           BOBBY TICE              0053101120000189
6270531011215118793589       00000016172232           J J COVINGTON           0053101120000190
6270531008501173004936       00000012352233           BILLY GATHINGS          0053101120000191
6270531008501173013103       00000019992237           BARRY TICE              0053101120000192
6270531011215118804092       00000034532248           CHARLES B RATLIFF       0053101120000193
6270531011215118802952       00000012352261           RISTON MARSHALL         0053101120000194
6270531011215216271434       00000012352264           ROBERT J HUNTLEY        0053101120000195
6270531011215118796219       00000012352271           ADDISON MOORE,JR        0053101120000196
6270531011215118796219       00000042172272           ADDISON MOORE, JR       0053101120000197
6270531011215118793236       00000019992312           HENRY T BYRD            0053101120000198
6270531008501170005693       00000325792501           NORTHSIDE LAUDROMAT     0053101120000199
6270531011215116325014       00000031772509           NANCY WARREN            0053101120000200
6270531008501173006106       00000012352689           ANN LAND                0053101120000201
6270531011215118794240       00000010002842           JOE GADDY               0053101120000202
6270531011215118805315       00000031772934           RAY CLAYTON             0053101120000203
6270531011215115064780       00000716673165           MAGIC WASH C/O CHUCK H  0053101120000204
6270531011215118805838       00000031773217           CAROLYN CARTER          0053101120000205
6270531008501170001051       00000668433360           WADESBORO LAUNDRY       0053101120000206
6270531011215118795700       00000059013759           MRS. CHARLES LITTLE     0053101120000207
6270531008501170003698       00000010003876           FIRST PRESBYTERIAN CHU  0053101120000208
6270531011215213855591       00000032153944           HAROLD MICKLE           0053101120000209
6270531008501173019820       00000010004123           DAVID HARRINGTON        0053101120000210
6270531011215213857314       00000031774255           BETTY LEE TYSON         0053101120000211
820000021111204317150000009325200000000000000561648911                         053101120000001
9000001000022000002111120431715000000932520000000000000                                       
