101 053201607 0532016070209300842A094101BRANCH BANKING & TRUST BRANCH BANKING & TRUST         
5200COMMISSION OF PU                    1570443088PPDUTIL BILL 020930020930   1053201600000001
6270532018143970012958       000000490031             MCC. METHODIST CHURCH   0053201600000001
6270532018143970012958       000000760033             MCC METHODIST CHURCH    0053201600000002
6270532018143970012958       000002570034             MCC METHODIST CHURCH    0053201600000003
6270532016075127544257       000001500060             MARVIN HAMMOND          0053201600000004
6270532016075127537862       0000018100108            LEONARD BOWICK          0053201600000005
6270532016075127534871       0000028500118            REV. HENRY GAMBRELL     0053201600000006
6270532016075122037985       0000010500141            A. M. BOWICK            0053201600000007
6270532018143975001010       0000027000142            JACK PATTERSON          0053201600000008
6270532018143970017771       0000006200156            STEVE MCCONNAHA         0053201600000009
6270532016075127547450       0000009600162            DOROTHY O. MORGAN       0053201600000010
6270532016075127533557       0000001300169            BOWICK'S PRODUCE WHSE.  0053201600000011
6270532016075127533557       0000077100171            BOWICK'S PRODUCE MARKE  0053201600000012
6270532018143970014833       0000013100208            JEWEL MCGRATH           0053201600000013
6270532018143970001150       0000016000214            HARVEY BANDY            0053201600000014
6270532016075127543889       0000030000220            RICHARD DULANEY         0053201600000015
6270532016075127539385       0000010100221            JOHN THOMAS MCGRATH, I  0053201600000016
6270532018143970002371       0000020000225            KATHRYN S. FOOSHE       0053201600000017
6270532016075127540766       0000017500243            CHARLIE SANDERS         0053201600000018
6270532016075127535126       0000001600493            RAY JENNINGS            0053201600000019
6270532018143970014888       0000009800568            CUBA BOGGS              0053201600000020
6270532018143975015862       0000013500649            SALLY CULPEPPER         0053201600000021
6272532793457111000003124    0000016100698            J. C. BROWN             0053201600000022
6272532793457111000003124    0000002500700            J. C. BROWN             0053201600000023
6270532018143906227678       0000008800744            CLARA P. MCKINNEY       0053201600000024
6270532016075122661980       0000027500746            WILLIAM MATHENY         0053201600000025
627253279332461006013083     0000016000782            BRENDA MIDDLETON        0053201600000026
627053904483000701313452     0000026500844            GEORGE YELDELL          0053201600000027
6270532018143970012974       0000007200909            LOUISE BRACKNELL        0053201600000028
6270532018143975016823       0000013200964            DEBORAH CHAMBERLAIN     0053201600000029
6270532016075127533573       0000011700990            FARMERS SUPPLY          0053201600000030
6270532016075127535010       0000029100998            CHARLES HEGLER          0053201600000031
6272532793457111000008065    00000144001001           ROBERT MAJOR            0053201600000032
6270532016075127532461       00000014001146           WOODMEN OF THE WORLD    0053201600000033
627053200019551308943        00000149001171           JIMMY PREVATTE          0053201600000034
6270532016075121657157       00000230001184           NORA WOLFE              0053201600000035
6270532018143975001010       00000017501194           MIRIAM PATTERSON        0053201600000036
6270532016075127533573       00000325001672           MCCORMICK BUILDING SUP  0053201600000037
6270532016075127548740       00000190001811           KATHRYN WEST            0053201600000038
6270532016075127547809       00000094001813           MRS. LEONARD M. BROWN   0053201600000039
6272532721775607005694       00000165001970           CAROLE A. STURKEY       0053201600000040
6270532016075122036865       00000132002289           C. B. HENDERSON         0053201600000041
6270532018143973004567       00000070002462           MCCORMICK HELPING HAND  0053201600000042
6270532016075122038086       00000018502642           DEWEY MANN JENNINGS     0053201600000043
6270532016075121066418       00000175002665           OUR PLACE ON MAIN       0053201600000044
6270532016075121038783       00000060002735           SYVOL MIDDLETON         0053201600000045
6270532018143975013484       00000100003174           JAMES STROM             0053201600000046
6270532018143975013484       00000110003298           JAMES STROM             0053201600000047
6270532016075122662235       00000065003320           BETTY JENNINGS          0053201600000048
6270532016075122036865       00000015003431           C. B. HENDERSON         0053201600000049
6270532016075127534553       00000062003492           KATE B. DORN            0053201600000050
6270532016075124511595       00000030903562           MENTAL HEALTH ASSOCIAT  0053201600000051
6270532018143970012958       00000012003700           MCC. METHODIST CHURCH   0053201600000052
6220532016075127541142       0000739590               COMMISSION OF PUBLIC W  0053201600000053
820000005303820771390000007395900000007395901570443088                         053201600000001
9000001000006000000530382077139000000739590000000739590                                       
9999999999999999999999999999999999999999999999999999999999999999999999999999999999999999999999
9999999999999999999999999999999999999999999999999999999999999999999999999999999999999999999999
9999999999999999999999999999999999999999999999999999999999999999999999999999999999999999999999
