101 053101121 0531011219908111536A094101BRANCH BANKING & TRUST BRANCH BANKING & TRUST         
5200TOWN OF WHITE LA                    1566021446PPDUTIL BILL 990811990811   1053101120000001
6280531035850016022809       000000000017             HAROLD JOHNSON          0053101120000001
6280531104004000201733       000000000018             JOHN LENNON             0053101120000002
628053100300348783636        000000000019             MALCOM NEDRIC MCLEOD    0053101120000003
6280531011211013088345       000000000054             CECIL PATTERSON         0053101120000004
6280531011215217399159       000000000068             DENNIS R STRICKLAND JR  0053101120000005
628053000196083032961        000000000076             LENWOOD P SMITH         0053101120000006
628053000196083032961        000000000077             LENWOOD P SMITH         0053101120000007
6280531003002947603154       000000000083             CARLTON B BAREFOOT      0053101120000008
6280531003002947603154       000000000087             CARLTON B BAREFOOT      0053101120000009
6280531085801000002037148    0000000000133            DAVID STALEY            0053101120000010
6280531011215213231156       0000000000151            HAROLD BOYKIN           0053101120000011
628053105619253323125        0000000000159            ELLA MAE CARTER         0053101120000012
6280531013410114359          0000000000173            NORMA BILLINGSLEY       0053101120000013
6280531011215217644595       0000000000190            WILLIAM B MILLER        0053101120000014
6280531011215213687532       0000000000197            D A RATLEY JR           0053101120000015
6280531015294188570666       0000000000200            MURRAY LANIER           0053101120000016
62825318453701100422027      0000000000207            CAROLYN LANE            0053101120000017
6280531104002072480059034    0000000000210            BOBBY LOCKAMY           0053101120000018
6280531076332605300440       0000000000213            HELEN JACKSON           0053101120000019
6282531703345500037079       0000000000224            MAX GERALD MATTHEWS     0053101120000020
628053100559023856180        0000000000235            VIRGINIA SMITHERS       0053101120000021
6280531004942435100832       0000000000239            RAYMOND G VABEN         0053101120000022
628053100465552021639        0000000000244            JIMMY W WATKINS         0053101120000023
6280531104001062444181218    0000000000363            CARL HARDWICK           0053101120000024
6280610001048817043444       0000000000365            RICKY A SOSSAMAN        0053101120000025
6280531003002419237151       0000000000366            LAWRENCE J CAISON       0053101120000026
6280531008500060054318       0000000000369            E HAROLD BUNN           0053101120000027
6280531003002419237151       0000000000370            LAWRENCE J CAISON       0053101120000028
6280531011215217005177       0000000000376            LAWANDA BAREFOOT        0053101120000029
6280530002194000719778       0000000000383            MRS. JOHN CULBRETH      0053101120000030
628053100300001917212153     0000000000386            JERRY DONALD MORGAN SR  0053101120000031
6280530002194000719778       0000000000391            JOHN CULBRETH           0053101120000032
6280531011215217397075       0000000000403            DAVID E WISE            0053101120000033
6280531003002545987369       0000000000404            STRICKLAND-COTTAGE ACC  0053101120000034
6280531076336261771630       0000000000405            ALICE S WARREN          0053101120000035
628053100465352015943        0000000000409            BILLY W HOBBS           0053101120000036
6280531104001061137178940    0000000000418            DOROTHY STANCIL         0053101120000037
628053100465352016196        0000000000427            EDWARD K & SHARON HORN  0053101120000038
628053000196606548423        0000000000432            BEACH RESORT            0053101120000039
628053000196606548423        0000000000433            BEACH RESORT            0053101120000040
6280531011215116399859       0000000000434            ALICE M HUGGINS         0053101120000041
6280530001960650113981       0000000000439            VEDA DENNING            0053101120000042
6280531076332601200904       0000000000489            ELMA MAHONEY            0053101120000043
6280531003002419488735       0000000000491            NORMA E. WEST           0053101120000044
628053000196606634877        0000000000493            LOUIS MCRAE BRISSON     0053101120000045
628053000196606548423        0000000000514            WHITE LAKE HOLIDAY      0053101120000046
628053000196606548423        0000000000517            WHITE LAKE HOLIDAY      0053101120000047
6280531076336264421659       0000000000522            ALFRED J. GOETZE        0053101120000048
628053000196606520820        0000000000523            BARBARA M. RICKS        0053101120000049
6280531079632000000269690    0000000000529            WHITE LAKE PINES ASSOC  0053101120000050
6280531011215216930349       0000000000550            KENNETH L. MOORE        0053101120000051
6280531079631010019005409    0000000000553            MILDRED B HAMMOCK       0053101120000052
6280531104001062648007787    0000000000560            L.M. HUGHES             0053101120000053
628053100300688026877        0000000000580            MICHAEL J SUGGS         0053101120000054
6280531011211353193682       0000000000610            W.R. & PAM HORNE        0053101120000055
628253170334550003095        0000000000635            MICHAEL L WHITMAN       0053101120000056
6280531011215217526169       0000000000644            LEON H WHITMAN          0053101120000057
628053000196050070549        0000000000651            JOSEPH E JACKSON        0053101120000058
628053000196053471355        0000000000652            THOMAS H LEE            0053101120000059
62825317033403018020516      0000000000658            R A EDWARDS             0053101120000060
6280531076332607204777       0000000000665            JULIA ADEE              0053101120000061
6282531717280700023109       0000000000669            HARVEY IWERKS           0053101120000062
6280531003001695800242       0000000000682            DOT HANKINS             0053101120000063
6280531011215117295496       0000000000693            DANIEL T WEMYSS SR      0053101120000064
6280531003000347713169       0000000000701            ROBERT V ROSS           0053101120000065
6280531008505007044498       0000000000703            SCOGGINS FAMILY LIMITE  0053101120000066
6280530001960606002536       0000000000732            BETSY M TANEY           0053101120000067
62825317704908604716428      0000000000736            HAZEL A SMITH           0053101120000068
6280531011215118076100       0000000000744            NOEL T WILLIAMSON       0053101120000069
6280530001960602200074       0000000000747            JAMES T ALEXANDER       0053101120000070
6280531011215217523593       0000000000752            PRYOR GIBSON            0053101120000071
628053000196606517021        0000000000784            SARA M DOWNING          0053101120000072
6280531076332601225216       0000000000794            VIRGINIA L HARRIS       0053101120000073
6280531011215217514594       0000000000806            IRENE NORMANN           0053101120000074
6280531076332600213756       0000000000809            STUART GOODEN           0053101120000075
628053000196606646859        0000000000824            ROBERT BARTHOLOMEW III  0053101120000076
628053000196606548423        0000000000836            KEITH LANGSTON          0053101120000077
62825317704908606830910      0000000000875            KEN CROSS               0053101120000078
6282531717280700080906       0000000000876            PAM REGISTER            0053101120000079
6280531011211153244290       0000000000878            PAUL ALBRITTON          0053101120000080
628053000196606601014        0000000000881            JANE WEST               0053101120000081
6280531011215211330807       0000000000892            WILLIAM R WEST          0053101120000082
6280531011215211330807       0000000000893            WILLIAM R WEST          0053101120000083
6280531011215117293574       0000000000906            WILLIAM R HAWLEY        0053101120000084
6280531011215117293574       0000000000908            WILLIAM R HAWLEY        0053101120000085
6280531011215217524719       0000000000949            EUNICE WILLIAMS         0053101120000086
62825317704908625296952      0000000000951            ROBERT HUNTER JR        0053101120000087
628053100300001515387048     0000000000957            MARK KEENE              0053101120000088
6280531003006448623843       0000000000961            LYNN & GINGER MOBLEY    0053101120000089
6282531757372317190679       0000000000974            WILLIAM & RENATE BROWN  0053101120000090
6280531011211351067116       0000000000979            JACK A WATSON           0053101120000091
6280531003000347358734       0000000000981            JULIUS F SESSOMS        0053101120000092
6280531011215117271279       0000000000983            MRS A M MCLAURIN        0053101120000093
820000009306945225600000000000000000000000001566021446                         053101120000001
9000001000010000000930694522560000000000000000000000000                                       
9999999999999999999999999999999999999999999999999999999999999999999999999999999999999999999999
9999999999999999999999999999999999999999999999999999999999999999999999999999999999999999999999
9999999999999999999999999999999999999999999999999999999999999999999999999999999999999999999999
