101 053100465 0531004659908021601A094101CENTRAL CAROLINA BANK  CENTRAL CAROLINA BANK          
5200TOWN OF SPENCER                     1566001339PPDUTIL BILL 990802990802   1053100460000001
62725317704908605972482      0000004420566            ELIZABETH SMITH         0053100460000001
6270530001836891300121       0000003211575            MARVIN G HOBSON         0053100460000002
6270530002194001275652       00000031271172           J LAWRENCE AYERS        0053100460000003
6270531103031063544317062    00000049101182           ROY BELL SR             0053100460000004
6270530001836893964784       00000035121277           CHARLES L WILKERSON     0053100460000005
6270530001836897449505       00000059451428           BUDDY GETTYS            0053100460000006
6270530001836897449505       00000046401429           BUDDY GETTYS            0053100460000007
62725317728500000001001671   00000028402067           DR MARCO A VARGAS       0053100460000008
622053100465281115025        0000032605               TOWN OF SPENCER         0053100460000009
820000000900877566010000000326050000000326051566001339                         053100460000001
9000001000002000000090087756601000000032605000000032605                                       
9999999999999999999999999999999999999999999999999999999999999999999999999999999999999999999999
9999999999999999999999999999999999999999999999999999999999999999999999999999999999999999999999
9999999999999999999999999999999999999999999999999999999999999999999999999999999999999999999999
9999999999999999999999999999999999999999999999999999999999999999999999999999999999999999999999
9999999999999999999999999999999999999999999999999999999999999999999999999999999999999999999999
9999999999999999999999999999999999999999999999999999999999999999999999999999999999999999999999
9999999999999999999999999999999999999999999999999999999999999999999999999999999999999999999999
