101 053101121 0531011219907161220A094101BRANCH BANKING & TRUST BRANCH BANKING & TRUST         
5200TOWN OF WHITE LA                    1566021446PPDUTIL BILL 990716990716   1053101120000001
6270531035850016022809       000000468417             HAROLD JOHNSON          0053101120000001
6270531104004000201733       000000254118             JOHN LENNON             0053101120000002
627053100300348783636        000000140019             MALCOM NEDRIC MCLEOD    0053101120000003
6270531011211013088345       000000140054             CECIL PATTERSON         0053101120000004
6270531011215217399159       000000140068             DENNIS R STRICKLAND JR  0053101120000005
627053000196083032961        000000140176             LENWOOD P SMITH         0053101120000006
627053000196083032961        000000192377             LENWOOD P SMITH         0053101120000007
6270531003002947603154       000000140083             CARLTON B BAREFOOT      0053101120000008
6270531003002947603154       000000140087             CARLTON B BAREFOOT      0053101120000009
6270531085801000002037148    0000002800133            DAVID STALEY            0053101120000010
6270531011215213231156       0000003418151            HAROLD BOYKIN           0053101120000011
627053105619253323125        0000004200159            ELLA MAE CARTER         0053101120000012
627053101341011435 9         0000001734173            NORMA BILLINGSLEY       0053101120000013
6270531011215217644595       0000001400190            WILLIAM B MILLER        0053101120000014
6270531011215213687532       0000001400197            D A RATLEY JR           0053101120000015
6270531015294188570666       0000001400200            MURRAY LANIER           0053101120000016
62725318453701100422027      0000002256207            CAROLYN LANE            0053101120000017
6270531104002072480059034    0000001400210            BOBBY LOCKAMY           0053101120000018
6270531076332605300440       0000001400213            GEORGE JACKSON          0053101120000019
627253170334550003707 9993   0000001400224            MAX GERALD MATTHEWS     0053101120000020
627053100559023856180        0000001400235            VIRGINIA SMITHERS       0053101120000021
6270531004942435100832       0000002800239            RAYMOND G VABEN         0053101120000022
627053100465552021639        0000002800244            JIMMY W WATKINS         0053101120000023
6270531104001062444181218    0000002589363            CARL HARDWICK           0053101120000024
6270610001048817043444       0000001400365            RICKY A SOSSAMAN        0053101120000025
6270531003002419237151       0000001400366            LAWRENCE J CAISON       0053101120000026
6270531008500060054318       0000001400369            E HAROLD BUNN           0053101120000027
6270531003002419237151       0000001829370            LAWRENCE J CAISON       0053101120000028
6270531011215217005177       0000001400376            LAWANDA BAREFOOT        0053101120000029
6270530002194000719778       0000001400383            MRS. JOHN CULBRETH      0053101120000030
627053100300001917212153     0000001400386            JERRY DONALD MORGAN SR  0053101120000031
6270530002194000719778       0000010412391            JOHN CULBRETH           0053101120000032
6270531011215217397075       0000001496403            DAVID E WISE            0053101120000033
6270531003002545987369       0000003118404            STRICKLAND-COTTAGE ACC  0053101120000034
6270531076336261771630       0000001400405            ALICE S WARREN          0053101120000035
627053100465352015943        0000001400409            BILLY W HOBBS           0053101120000036
6270531104001061137178940    0000004778418            DOROTHY STANCIL         0053101120000037
627053100465352016196        0000001400427            EDWARD K & SHARON HORN  0053101120000038
627053500196606548423        0000016016432            BEACH RESORT            0053101120000039
627053500196606548423        0000002162433            BEACH RESORT            0053101120000040
6270531011215116399859       0000013156434            ALICE M HUGGINS         0053101120000041
627053000196065011 39810     0000001400439            VEDA DENNING            0053101120000042
627053000196606548423        0000001400488            MARSHA LANGSTON         0053101120000043
6270531076332601200904       0000001400489            ELMA MAHONEY            0053101120000044
6270531003002419488735       0000002304491            NORMA E. WEST           0053101120000045
627053500196606634877        0000016474493            LOUIS MCRAE BRISSON     0053101120000046
627053500196606548423        0000009000514            WHITE LAKE HOLIDAY      0053101120000047
627053500196606548423        0000031403517            WHITE LAKE HOLIDAY      0053101120000048
6270531076336264421659       0000001639522            ALFRED J. GOETZE        0053101120000049
627053500196606520820        0000008580523            BARBARA M. RICKS        0053101120000050
6270531079632000000269690    0000030594529            WHITE LAKE PINES ASSOC  0053101120000051
6270531011215216930349       0000001400550            KENNETH L. MOORE        0053101120000052
6270531079631010019005409    0000001400553            MILDRED B HAMMOCK       0053101120000053
6270531104001062648007787    0000013491560            L.M. HUGHES             0053101120000054
627053100300688026877        0000005369580            MICHAEL J SUGGS         0053101120000055
6270531011211353193682       0000001400610            W.R. & PAM HORNE        0053101120000056
627253170334550003095        0000001400635            MICHAEL L WHITMAN       0053101120000057
6270531011215217526169       0000002636644            LEON H WHITMAN          0053101120000058
627053000196050070549        0000001591651            JOSEPH E JACKSON        0053101120000059
627053000196053471355        0000001448652            THOMAS H LEE            0053101120000060
62725317033403018020516      0000001400658            R A EDWARDS             0053101120000061
6270531076332607204777       0000001543665            JULIA ADEE              0053101120000062
6272531717280700023109       0000009717669            HARVEY IWERKS           0053101120000063
6270531003001695800242       0000002779682            DOT HANKINS             0053101120000064
6270531011215117295496       0000001400693            DANIEL T WEMYSS SR      0053101120000065
6270531003000347713169       0000001400701            ROBERT V ROSS           0053101120000066
6270531008505007044498       0000002066703            SCOGGINS FAMILY LIMITE  0053101120000067
627053000196060600 2536      0000001400732            BETSY M TANEY           0053101120000068
62725317704908604716428      0000001923736            HAZEL A SMITH           0053101120000069
6270531011215118076100       0000001400744            NOEL T WILLIAMSON       0053101120000070
627053500196602200074        0000003118747            JAMES T ALEXANDER       0053101120000071
6270531011215217523593       0000001734752            PRYOR GIBSON            0053101120000072
627053500196606517021        0000002161784            SARA M DOWNING          0053101120000073
6270531076332601225216       0000001400794            VIRGINIA L HARRIS       0053101120000074
6270531011215217514594       0000001401806            IRENE NORMANN           0053101120000075
6270531076332600213756       0000001781809            STUART GOODEN           0053101120000076
627053500196606646859        0000001400824            ROBERT BARTHOLOMEW III  0053101120000077
627053500196606548423        0000004514836            KEITH LANGSTON          0053101120000078
62725317704908606830910      0000001400875            KEN CROSS               0053101120000079
6272531717280700080906       0000003167876            PAM REGISTER            0053101120000080
627053500196606601014        0000003800881            JANE WEST               0053101120000081
6270531011215211330807       0000004238892            WILLIAM R WEST          0053101120000082
6270531011215211330807       0000004798893            WILLIAM R WEST          0053101120000083
6270531011215117293574       0000004287906            WILLIAM R HAWLEY        0053101120000084
6270531011215117293574       0000000651908            WILLIAM R HAWLEY        0053101120000085
6270531011215217524719       0000001400949            EUNICE WILLIAMS         0053101120000086
62725317704908625296952      0000002924951            ROBERT HUNTER JR        0053101120000087
627053100300001515387048     0000002821957            MARK KEENE              0053101120000088
6270531003006448623843       0000008286961            LYNN & GINGER MOBLEY    0053101120000089
6272531757372317190679       0000001400974            WILLIAM & RENATE BROWN  0053101120000090
6270531011211351067116       0000001400979            JACK A WATSON           0053101120000091
6270531003000347358734       0000001400981            JULIUS F SESSOMS        0053101120000092
6270531011215117271279       0000002875983            MRS A M MCLAURIN        0053101120000093
6220531011215213276427       0000337226               TOWN OF WHITE LAKE      0053101120000094
820000009407003725790000003372260000003372261566021446                         053101120000001
9000001000010000000940700372579000000337226000000337226                                       
9999999999999999999999999999999999999999999999999999999999999999999999999999999999999999999999
9999999999999999999999999999999999999999999999999999999999999999999999999999999999999999999999
