101 053103585 0531035850909100846A094101FIDELITY BANK          TOWN OF CARTHAGE               
5200TOWN OF CARTHAGE                    1566001195PPDUTIL BILL 090910090910   1053103580000001
6270531011210001823034004    00000025503              SHIRLEY TYNER           0053103580000001
62725317704908624993393      000000510027             CHRISTOPHER FULLER      0053103580000002
6270531008505103008788       000000264057             NORMAN BARBER           0053103580000003
6270531008505103013923       000000261062             NANCY SPEER             0053103580000004
6270531008505103012752       000000989265             ROBERT NUNNALY          0053103580000005
627053104568045003491        000000240094             ALMA CAGLE              0053103580000006
627063000047005500294421     0000003800104            ROY WILLIAMSON          0053103580000007
6270531008505103103259       0000004464178            PHILLIP VETTER          0053103580000008
6270531045680045004439       0000004730206            BOYD DEAN               0053103580000009
6270531011211823001017       0000002610271            HILDA BRANCH            0053103580000010
6270531008505100014584       0000034730289            PRICKETT FUNERAL HM.    0053103580000011
6270531011211821002547       0000002972296            MASONIC LODGE           0053103580000012
62725317704908604602236      0000003360320            L.L. MARION, JR         0053103580000013
6270531011215113868254       0000003160329            W. M. CARTER, JR        0053103580000014
6270531008505101230426       0000003210360            TOMMY MCKENZIE          0053103580000015
62725317704908606418870      0000003800365            BESSIE BECK C/O FRED B  0053103580000016
627053000196000323127530     0000004172374            ANN BIVINS              0053103580000017
6270531035850587805805       0000005567404            MARVIN DOWDY #3         0053103580000018
6270531035850587805805       0000002400412            DOWDY'S AUTO SALVAGE    0053103580000019
62725317704908604848420      0000003000428            MRS. DOT COLE           0053103580000020
6270531011210001823010873    0000006125434            S. F. LAPPING           0053103580000021
6270531035850587819465       0000001830438            CAROLYN STEED           0053103580000022
627253171427561028679        0000003800449            PETER LITTLE            0053103580000023
62725317704908624814113      0000001200463            SAM DEAHL               0053103580000024
62725317704908624461768      0000003420478            JOHN L. MCDONALD        0053103580000025
6270531011211823021905       0000002700531            RUDOLPH TAYLOR          0053103580000026
6270531008505105002169       0000003787584            MRS. FRED FIELDS        0053103580000027
6270531011211823033148       0000007055600            THOMAS EDWARD PRIM      0053103580000028
6370531004650000812116120    0000002400656            H. G. HAYES EST.        0053103580000029
6270531008505101230396       0000006341743            FRANKIE YOW             0053103580000030
6270531008505100014584       0000005567778            PRICKETT FUNERAL HM.    0053103580000031
6270531011211823038018       0000003680796            T. T. PRICKETT II       0053103580000032
6270531008505103044738       0000007520843            SHAWNA SMITH            0053103580000033
62725317704908624814113      0000003800875            SAM DEAHL               0053103580000034
6270531122750202007159       0000006590876            CARL NINES              0053103580000035
627053000196000053223269     0000008171910            EUGENE MANESS           0053103580000036
6270531011215295784697       0000003600956            GLADYS FRYE             0053103580000037
62725317704908604964819      00000079851045           PAUL WHITE              0053103580000038
627053104568533004348        00000034201052           BRENDA STUTTS           0053103580000039
6270531035850587829970       00000027901227           KEN WILKINSON           0053103580000040
6270531011215114275052       00000134751231           BONNIE KALTE            0053103580000041
62725317704908604964819      00000012901259           PAUL WHITE              0053103580000042
6270531008505103100568       00000024901302           WILLIE H. CRUTCHFIELD   0053103580000043
6270531008505103017561       00000081711463           BETSY & GREG PILSON     0053103580000044
6270531008505101231368       00000077501483           RICK'S AUTO SALES       0053103580000045
6270531008503203005999       00000064041513           BRADY SMITH             0053103580000046
6270531011211823036074       00000053811531           ARNETTA COVINGTON       0053103580000047
6270531011210005113186730    00000049161549           SAMUEL MCKENZIE         0053103580000048
6270531011215194950731       00000248361664           MICHAEL DEAN            0053103580000049
6270531008505105000093       00000026401752           LELAND & EARLEAN FRYE   0053103580000050
6270531008505100015210       00000078681832           STEVE'S PIZZA & HOT SU  0053103580000051
6270531035850587817638       00000012001946           KATIE BADGETT           0053103580000052
62731407426910856382         00000051802123           ALVIN BARBER            0053103580000053
6270531011215296059465       00000030902307           DENNIS & DOREEN CARR    0053103580000054
6271210003581151332434       00000024302550           DONALD DENNISON         0053103580000055
6270531011215219504200       00000033442612           FRIEND TO FRIEND THRIF  0053103580000056
6270531045680243009289       00000071482738           BETH MCNEELY            0053103580000057
6270531008505103027700       00000033602798           PAUL FREIHAGE           0053103580000058
627053104568013085484        00000061252839           PAT CLEVENGER           0053103580000059
6270531035850587817398       00000030902861           HENRY CHRISTOPHER WHIT  0053103580000060
627253171427561028679        00000024002881           PETER LITTLE            0053103580000061
627053104568044004532        00000056052882           NEW COVENANT FELLOWSHI  0053103580000062
62731407426937422189         00000043402916           JOHN KENEFICK           0053103580000063
6270531045680243009556       00000063113002           PHILLIP ASHFORD         0053103580000064
6270531045680243009289       00000086563051           BETH MCNEELY            0053103580000065
6270531008505094037914       00000057533053           STEVE & DONNA BASTARAC  0053103580000066
62725317704908631114422      00000073343078           RICHARD & CHRISTINE MC  0053103580000067
6270531011215296477887       00000063113134           SANDRA MENARD           0053103580000068
6270531045680045009287       00000059393153           PAMELA MILLER           0053103580000069
6270531035850256894877       00000079853204           DIANA KIEFER            0053103580000070
62731407426944410832         00000013953232           ELIZABETH DEGRAEVE      0053103580000071
6270610002271000216535151    00000073003344           CHRISTOPHER MOYER       0053103580000072
627063000047005492526935     00000064203358           WILLIAM KREITZ          0053103580000073
6270531035850587851078       00000050093453           MAXINE ROGERS           0053103580000074
6270531045680243010546       00000046373577           BRIAN WHITAKER          0053103580000075
627044000804960145523505     00000042653797           KEN THOMPSON            0053103580000076
62731407426922835636         00000037903829           JASON ALLEN             0053103580000077
6220531035850581904466       0000412586               TOWN OF CARTHAGE        0053103580000078
820000007807673035880000004125860000004125861566001195                         053103580000001
9000001000009000000780767303588000000412586000000412586                                       
9999999999999999999999999999999999999999999999999999999999999999999999999999999999999999999999
9999999999999999999999999999999999999999999999999999999999999999999999999999999999999999999999
9999999999999999999999999999999999999999999999999999999999999999999999999999999999999999999999
9999999999999999999999999999999999999999999999999999999999999999999999999999999999999999999999
9999999999999999999999999999999999999999999999999999999999999999999999999999999999999999999999
9999999999999999999999999999999999999999999999999999999999999999999999999999999999999999999999
9999999999999999999999999999999999999999999999999999999999999999999999999999999999999999999999
9999999999999999999999999999999999999999999999999999999999999999999999999999999999999999999999
