101 051900353 0515012990003170843A094101FIRST COMMUNITY BANK   FIRST COMMUNITY BANK           
5200TOWN OF SPARTA                      5660128990PPDUTIL BILL 000317000317   1051501290000001
6280531011215119212989       000000000025             MAUREEN M. FLEMING      0051501290000001
6280531016261000005930776    000000000055             JOHN D. GREENE          0051501290000002
6280531003005216036020       000000000066             VECIE C. YASINSAC       0051501290000003
6280531011215119206091       0000000000114            GRACE MABE              0051501290000004
6280531003005216051079       0000000000148            ROYAL CUMMINGS          0051501290000005
6280531011215119207489       0000000000150            ALTHEA MITCHELL         0051501290000006
6280531011215119218499       0000000000242            ANNE T. GAMBILL         0051501290000007
6280530002194002175892       0000000000258            PATYRAE R. BUSIC        0051501290000008
6280531011215210984110       0000000000270            JOHN B. POTEMPA         0051501290000009
6280531016261000000239087    0000000000275            ROBBIE CLONCH           0051501290000010
6280531011215119208779       0000000000279            MARIE E. TRUITT         0051501290000011
6280531016264000168414       0000000000280            ZENNA D. ROBERTS        0051501290000012
6280531016261068741157648    0000000000282            JOYCE MOXLEY            0051501290000013
6280531118360029017          0000000000304            PAULINE CHOATE          0051501290000014
6280531011215212503020       0000000000317            JAMES B. AYCOCK         0051501290000015
6280531011215119215325       0000000000342            GERMAINE M. FAULKNER    0051501290000016
6280531016261068741132456    0000000000367            MATTIE I. DICKENS       0051501290000017
6280531003005216051626       0000000000371            J. R. EVANS             0051501290000018
6280531003005216038069       0000000000422            MARY NICHOLS            0051501290000019
6280531003005216014569       0000000000454            KATHLEEN EDWARDS        0051501290000020
628053100300005216015641     0000000000455            MAGGIE WILLIAMS         0051501290000021
62805300219 4001059238       0000000000457            ULUS IRWIN              0051501290000022
6280531011215119206334       0000000000526            VELMA E. VAUGHN         0051501290000023
6280531003005216052143       0000000000530            JOHN CARL HOWARD        0051501290000024
6280531011215116263566       0000000000531            MARY ALICE CAUDILL      0051501290000025
6280531011215119215112       0000000000542            JEWELL MCGUIRE          0051501290000026
6280531016261068741069532    0000000000544            ALTON THOMPSON          0051501290000027
6280531016261068740065676    0000000000562            EDNA B. MIDDAUGH        0051501290000028
6280531118361110002639       0000000000650            PAULINE MEALS           0051501290000029
6280531003005216043773       0000000000683            ROBERT ANDREWS          0051501290000030
628253177049086-06902726     0000000000737            PAT TAYLOR              0051501290000031
6280531011215119205915       0000000000749            SYBIL PURDUM            0051501290000032
6280531003005216052231       0000000000755            JAMES BARE              0051501290000033
6280531011215119207926       0000000000783            PAULINE CHURCH          0051501290000034
6280531118360011775          0000000000794            RUSSELL WOODIE          0051501290000035
6280531118360023481          0000000000795            EVERETTE C. SIMPSON     0051501290000036
6280531016261068741138942    0000000000796            LUCY ROE                0051501290000037
6280531016261068741174252    0000000000934            VIRGINIA STEWART        0051501290000038
6280531118361110019591       0000000000938            JEWELL THOMPSON         0051501290000039
628053111836001546-1         00000000001047           CLYTIE REEVES           0051501290000040
6280531003005216033954       00000000001057           BILL BLEVINS            0051501290000041
6280531118361107             00000000001068           EDNA RAE KING           0051501290000042
6280531003005216030075       00000000001077           EDNA CUMMINGS           0051501290000043
6280531118360010041          00000000001089           JAMES ANDREWS           0051501290000044
6280531016261068741067770    00000000001090           JAMES M. STURGILL       0051501290000045
62805310030 5216069551       00000000001103           PATSY ANDREWS           0051501290000046
6280531011215119215163       00000000001105           KATY F. GREENE          0051501290000047
6280531016261068741013986    00000000001107           MACK A. CAUDELL         0051501290000048
62805311183611100201100101   00000000001130           MINNIE THORNTON         0051501290000049
6280531011215216034877       00000000001134           RUBY EDWARDS            0051501290000050
6280531003005216015203       00000000001135           BILL BLEVINS            0051501290000051
6280531016261068741048964    00000000001149           JAMES MILLER            0051501290000052
6280530002194001059161       00000000001180           PAULINE J. ELLISON      0051501290000053
6280531003005216043714       00000000001194           SANDY ASHLEY            0051501290000054
6280531016261068741082409    00000000001216           MABLE C. CROUSE         0051501290000055
6282531716765000210808       00000000001219           MILDRED ASHLEY          0051501290000056
6280531008500537087276       00000000001220           LEOTA CREED             0051501290000057
6280531118361-178-3          00000000001263           ROBERT G. BRANNOCK      0051501290000058
6280531016261000002446739    00000000001264           BEATRICE F. CONAWAY     0051501290000059
6280531118361110012935       00000000001274           PAULINE E. GRIFFIN      0051501290000060
6280531118361110007117       00000000001297           CHARLIE DIMMETTE        0051501290000061
6280531118360008656          00000000001407           GRACE CHOATE            0051501290000062
6280531016261000004524293    00000000001408           CORA LEE CHOATE         0051501290000063
6280531016261068741039504    00000000001456           GENE R. IRWIN           0051501290000064
6280531011215119217352       00000000001606           J. HERSAL BEAL          0051501290000065
6280531011215119205761       00000000001670           MILDRED CHAPPELL        0051501290000066
6280531016261068741000342    00000000001676           FLORENCE WADDELL        0051501290000067
628053100300001118206548     00000000001807           GUY C. BALLARD          0051501290000068
6280531118361110004239       00000000001840           EDWARD L. BRADY         0051501290000069
6280531118361110013610       00000000001909           LILA STEVENS            0051501290000070
6280531003005216044311       00000000001957           WAYNE MACE              0051501290000071
6280531016261010015709385    00000000001961           ROGER D. & SHANNON DEL  0051501290000072
62825317704908604697378      00000000002223           JEROME TAYLOR RODWELL   0051501290000073
6280531011215119207705       00000000002243           MARY BETH HAYES         0051501290000074
820000007404529560780000000000000000000000005660128990                         051501290000001
9000001000008000000740452956078000000000000000000000000                                       
9999999999999999999999999999999999999999999999999999999999999999999999999999999999999999999999
9999999999999999999999999999999999999999999999999999999999999999999999999999999999999999999999
9999999999999999999999999999999999999999999999999999999999999999999999999999999999999999999999
9999999999999999999999999999999999999999999999999999999999999999999999999999999999999999999999
9999999999999999999999999999999999999999999999999999999999999999999999999999999999999999999999
9999999999999999999999999999999999999999999999999999999999999999999999999999999999999999999999
9999999999999999999999999999999999999999999999999999999999999999999999999999999999999999999999
9999999999999999999999999999999999999999999999999999999999999999999999999999999999999999999999
9999999999999999999999999999999999999999999999999999999999999999999999999999999999999999999999
9999999999999999999999999999999999999999999999999999999999999999999999999999999999999999999999
9999999999999999999999999999999999999999999999999999999999999999999999999999999999999999999999
9999999999999999999999999999999999999999999999999999999999999999999999999999999999999999999999
9999999999999999999999999999999999999999999999999999999999999999999999999999999999999999999999
9999999999999999999999999999999999999999999999999999999999999999999999999999999999999999999999
9999999999999999999999999999999999999999999999999999999999999999999999999999999999999999999999
9999999999999999999999999999999999999999999999999999999999999999999999999999999999999999999999
9999999999999999999999999999999999999999999999999999999999999999999999999999999999999999999999
9999999999999999999999999999999999999999999999999999999999999999999999999999999999999999999999
9999999999999999999999999999999999999999999999999999999999999999999999999999999999999999999999
9999999999999999999999999999999999999999999999999999999999999999999999999999999999999999999999
9999999999999999999999999999999999999999999999999999999999999999999999999999999999999999999999
9999999999999999999999999999999999999999999999999999999999999999999999999999999999999999999999
9999999999999999999999999999999999999999999999999999999999999999999999999999999999999999999999
9999999999999999999999999999999999999999999999999999999999999999999999999999999999999999999999
9999999999999999999999999999999999999999999999999999999999999999999999999999999999999999999999
9999999999999999999999999999999999999999999999999999999999999999999999999999999999999999999999
9999999999999999999999999999999999999999999999999999999999999999999999999999999999999999999999
9999999999999999999999999999999999999999999999999999999999999999999999999999999999999999999999
9999999999999999999999999999999999999999999999999999999999999999999999999999999999999999999999
9999999999999999999999999999999999999999999999999999999999999999999999999999999999999999999999
9999999999999999999999999999999999999999999999999999999999999999999999999999999999999999999999
9999999999999999999999999999999999999999999999999999999999999999999999999999999999999999999999
9999999999999999999999999999999999999999999999999999999999999999999999999999999999999999999999
9999999999999999999999999999999999999999999999999999999999999999999999999999999999999999999999
9999999999999999999999999999999999999999999999999999999999999999999999999999999999999999999999
9999999999999999999999999999999999999999999999999999999999999999999999999999999999999999999999
9999999999999999999999999999999999999999999999999999999999999999999999999999999999999999999999
9999999999999999999999999999999999999999999999999999999999999999999999999999999999999999999999
9999999999999999999999999999999999999999999999999999999999999999999999999999999999999999999999
9999999999999999999999999999999999999999999999999999999999999999999999999999999999999999999999
9999999999999999999999999999999999999999999999999999999999999999999999999999999999999999999999
9999999999999999999999999999999999999999999999999999999999999999999999999999999999999999999999
9999999999999999999999999999999999999999999999999999999999999999999999999999999999999999999999
9999999999999999999999999999999999999999999999999999999999999999999999999999999999999999999999
9999999999999999999999999999999999999999999999999999999999999999999999999999999999999999999999
9999999999999999999999999999999999999999999999999999999999999999999999999999999999999999999999
9999999999999999999999999999999999999999999999999999999999999999999999999999999999999999999999
9999999999999999999999999999999999999999999999999999999999999999999999999999999999999999999999
9999999999999999999999999999999999999999999999999999999999999999999999999999999999999999999999
9999999999999999999999999999999999999999999999999999999999999999999999999999999999999999999999
9999999999999999999999999999999999999999999999999999999999999999999999999999999999999999999999
9999999999999999999999999999999999999999999999999999999999999999999999999999999999999999999999
9999999999999999999999999999999999999999999999999999999999999999999999999999999999999999999999
9999999999999999999999999999999999999999999999999999999999999999999999999999999999999999999999
9999999999999999999999999999999999999999999999999999999999999999999999999999999999999999999999
9999999999999999999999999999999999999999999999999999999999999999999999999999999999999999999999
9999999999999999999999999999999999999999999999999999999999999999999999999999999999999999999999
9999999999999999999999999999999999999999999999999999999999999999999999999999999999999999999999
9999999999999999999999999999999999999999999999999999999999999999999999999999999999999999999999
9999999999999999999999999999999999999999999999999999999999999999999999999999999999999999999999
9999999999999999999999999999999999999999999999999999999999999999999999999999999999999999999999
9999999999999999999999999999999999999999999999999999999999999999999999999999999999999999999999
9999999999999999999999999999999999999999999999999999999999999999999999999999999999999999999999
9999999999999999999999999999999999999999999999999999999999999999999999999999999999999999999999
9999999999999999999999999999999999999999999999999999999999999999999999999999999999999999999999
9999999999999999999999999999999999999999999999999999999999999999999999999999999999999999999999
9999999999999999999999999999999999999999999999999999999999999999999999999999999999999999999999
9999999999999999999999999999999999999999999999999999999999999999999999999999999999999999999999
