101 053100300 0531003000304291339A094101FIRST CITIZENS         FIRST CITIZENS                 
5200JOHNSTON CTY PUB                    1566000311PPDUTIL BILL 030428030428   1053100300000001
6270531008500551038232       0000001845715            LANWOOD CHAPEL FWB CHU  0053100300000001
627053100300003249710367     0000001780721            CARLTON DAUGHTERY       0053100300000002
627053100300003249710367     0000001500723            CARLTON DAUGHTERY       0053100300000003
627053100465541018229        0000001500750            WILSON'S MILLS BAPTIST  0053100300000004
62725317704908628812676      0000002620805            LISA ALGOOD LAURIA      0053100300000005
62725317704908625932103      0000002620833            RANDALL ROGERS          0053100300000006
62725317549400035313000450   0000001780835            JACK E KOOBS            0053100300000007
627053000196000691444693     0000002340836            BRIDGET JORDAN          0053100300000008
62725317704908605562512      0000002340838            STEVE FINCH             0053100300000009
6270531008500574031500       0000002340839            GREGG FLYNT             0053100300000010
62725317704908624064471      0000002340841            RICK STOGNER            0053100300000011
6270531015294476500207       0000002340846            JAMES A ROUSE, III      0053100300000012
62725317704908604085953      0000002620853            THURSTON PERRY          0053100300000013
6270531011215197283302       0000001780854            GEORGE & KAY WYNN       0053100300000014
62725317704908624518904      0000002900864            ANN COZZOCREA           0053100300000015
6270531104001000003214135    0000002620865            BRENT GINN              0053100300000016
6270531076336262925062       0000002060901            WILLIAM B WASTILA       0053100300000017
627053100300002376286783     0000001780927            DORIS CARROLL           0053100300000018
6270531003001515293455       0000001780939            SAUL ANTHONY            0053100300000019
6270531076336267620916       0000001500964            LONNIE J HICKS          0053100300000020
62725317704908605398476      0000002900989            JACKY BARBOUR           0053100300000021
62725317704908605845475      0000002060992            LOIS CRUMPLER           0053100300000022
627053100300000531037076     00000017801030           VALORA ELLISON          0053100300000023
6270531011215219378337       00000015001033           APRIL BRICKER           0053100300000024
62725317704908626378888      00000020601035           HUMBERTO TASAICO        0053100300000025
6270531076331507117073       00000031801036           TRACEY KNIGHT           0053100300000026
62725317704908628110906      00000026201051           JOYE HODGES DOUTHART    0053100300000027
62725317704908626458159      00000034601067           SHERI B. SMITH          0053100300000028
6270531076336262861362       00000023401093           ROBERT D. SHELLABARGER  0053100300000029
62725317704908628870411      00000023401094           ELIZABETH HALL          0053100300000030
62725317549400900013500150   00000023401136           JON COLLINS             0053100300000031
6270530002191010069286511    00000020601137           WILLIAM HOWELL          0053100300000032
62725317704908624701741      00000026201159           CHARLES D. MARTIN III   0053100300000033
62725317704908626745860      00000031801168           MARIE MONDAY            0053100300000034
62725317704908625904081      00000023401173           JOSEPH COSTINE          0053100300000035
62725317704908606408197      00000023401176           CRAIG PARKER            0053100300000036
62725317704908625653657      00000026201188           JEFF SARVER             0053100300000037
62725317704908614474872      00000029001189           MONICA DUNNEHOO         0053100300000038
62725317704908625048182      00000020601193           BENNY R. BABSON         0053100300000039
6270531008500218164710       00000020601200           TIFFANY DAVIS           0053100300000040
627253177117114000281948     00000031801217           BRYAN CHRISMON          0053100300000041
627053100465172159233        00000017801222           GLENN DENNIS            0053100300000042
62725317704908626480479      00000034601226           JAMES HAGGETT           0053100300000043
62725317549400014187800550   00000023401246           GREG QUIEL              0053100300000044
627053000196000823163951     00000026201265           GINNY TEACHEY           0053100300000045
6270531076337006155659       00000031801272           KEVIN BARKER            0053100300000046
6270531104001000003809964    00000057001280           CHARLENE HUNT           0053100300000047
6270531011215118115998       00000017801314           JESSIE BACKITY          0053100300000048
62725317549400004316201150   00000017801343           AMPARO HIGGINS          0053100300000049
62725317549400701268300050   00000020601376           RONALD DESROCHERS       0053100300000050
62725317704908628327187      00000017801384           DAVID SWALNICK          0053100300000051
6270531104001000001081580    00000023401390           JAMES C. WARD           0053100300000052
627053100300008135252442     00000020601398           DAVID BALACH            0053100300000053
62725317704908626735689      00000017801401           AMY DEVEREAUX           0053100300000054
62725317704908606852888      00000020601411           TORREY BLACKMAR         0053100300000055
6270531076336269861387       00000026201421           THOMAS & PATRICIA MITC  0053100300000056
62725317704908629708520      00000015001475           LARRY BUTTS             0053100300000057
627053100300002017488096     00000026201542           LEAH & RAMI KAUPPI      0053100300000058
62725317704908624896294      00000026201586           PAUL GIRO               0053100300000059
6270531008500553153453       00000029001701           JOE PARRISH             0053100300000060
6270531003005252239000       00000028951733           FIRST CITIZENS BANK &   0053100300000061
6270531003005252239000       00000015001734           FIRST CITIZENS BANK &   0053100300000062
6270531008500212177051       00000061201752           SOUTHPARK DEVELOPMENT   0053100300000063
6270531004651016701          00000260601758           TOPS PETROLEUM CORP.    0053100300000064
62725317704908626799092      00000023401845           LENNE' KUGLER-HUNT      0053100300000065
62725317704908625627678      00000026201903           STEPHEN HARGRAVES       0053100300000066
62725317704908606264998      00000026201912           KRISTIE N CRANFORD      0053100300000067
62725317549400000157300150   00000026201994           MARY CARLE              0053100300000068
627053100300002376269182     00000020602015           CANDACE CRIST           0053100300000069
6270531050590421687306       00000020602034           EDWARD SASSER, SR.      0053100300000070
627053100300005787553978     00000026202089           RAYFORD METHVIN         0053100300000071
6270531076331506133323       00000029002134           BRAD SHAW               0053100300000072
627053100300003249488735     00000015002148           RONNIE JONES            0053100300000073
6270531011215117849726       00000017802151           BETTY BROOKS            0053100300000074
6270531011215199060408       00000031802210           BEN POPE                0053100300000075
62725317704908604906328      00000017802386           ALMETRICE HORTON        0053100300000076
627053100300008135227888     00000015002428           LINDA PEYTON            0053100300000077
62725317704908626966858      00000031802650           MICHAEL G TENCZA        0053100300000078
62725317704908626584825      00000023402656           JANET JOHNSON           0053100300000079
6270531011215210801512       00000026202971           CHARLES B. GORDON JR.   0053100300000080
6270531008500553091414       00000026202985           BILLIE LAWSON           0053100300000081
6270531011215212774385       00000029002987           DONALD WATKINS          0053100300000082
6270531008500553020231       00000015002988           TOMMY PARRISH           0053100300000083
6270531050590422760306       00000015003000           PHILIP WOOD             0053100300000084
6270531076336269527521       00000026203063           DAVID STOLTZ            0053100300000085
62725317704908626714255      00000015003075           KIRK STAFFORD           0053100300000086
6270531011215115591780       00000029003094           ALAN MATTHEWS           0053100300000087
627053100300001917210262     00000023403132           SHERRY W. LEE           0053100300000088
62725317704908626225398      00000023403138           BRENT MORRIS            0053100300000089
6270531076336264369864       00000026203153           PAUL DOHERTY            0053100300000090
62725317704908627969065      00000023403184           ROMERA DAVIS            0053100300000091
62725317704908625525997      00000015003231           RON FOWLER              0053100300000092
627053100300000867509803     00000023403255           MARLO K. VAN RYN        0053100300000093
6270531004948733889167       00000026203266           JODY J.& PAIGE SNOW     0053100300000094
62725317704908605611986      00000023403310           JOHN A. WILSON JR.      0053100300000095
6270531003003249873051       00000051403311           JAMES M. WILSON         0053100300000096
6270531104001010012868517    00000015003323           WILLIAM ADAMS           0053100300000097
62725317704908605757141      00000015003331           HOWARD BOUDREAU         0053100300000098
62725317704908625149768      00000015003334           SHANNON WILMOT          0053100300000099
62725317704908625131576      00000015003335           RAYMOND WINSTEAD        0053100300000100
627053100465172022173        00000026203338           RALPH E. BLEVINS JR.    0053100300000101
6270531011211091013491       00000068203346           MICHAEL WEIDNER         0053100300000102
6270531011215116380627       00000017803357           GLORIA LA FLESH         0053100300000103
6270531076336269491824       00000023403427           HERBERT & LIANE PETERS  0053100300000104
62725317704908605299769      00000023403453           ROBERT E. MCLAMB        0053100300000105
627053000196000043876390     00000023403455           BARNEY FINLON           0053100300000106
62725317549400080375200150   00000023403459           JOHN H. NESBITT         0053100300000107
6270531104001010012758038    00000017803466           EDWARD BROWN            0053100300000108
62725317704908606594073      00000020603480           WESLEY SMITH            0053100300000109
627053000196000043763002     00000020603482           LEILA S. BERRY          0053100300000110
6270531003003249863443       00000029003504           DONALD STRICKLAND       0053100300000111
6270531004941447645587       00000023403515           HARRY & KAREN CLIFFORD  0053100300000112
6270531076336267457576       00000023403563           JASON & KAREN MAGOON    0053100300000113
62725317704908626732154      00000026203576           ALBERT COLE             0053100300000114
6270531008500574018592       00000040203801           WILLIAM DAVID COMAN     0053100300000115
62725317704908606302659      00000026203824           TED & ROBERTA HAMBY     0053100300000116
627053100300000866929160     00000017803929           LESTER V. KATH          0053100300000117
6270531076334422850735       00000015003964           RONALD JACK             0053100300000118
6270531076336261706994       00000015003996           SIMON MCDONAUGH         0053100300000119
62725317704908628929751      00000015004020           LISA CUMMINGS           0053100300000120
6270531011215214895864       00000020604023           ANTHONY J. WARTA JR.    0053100300000121
6270531011215118216654       00000015004024           MATTHEW BRANDES         0053100300000122
627053100300000866188948     00000031804026           ALLEN SMITHSON          0053100300000123
6270531076336263884315       00000028954029           KAREN L. HENTHORN       0053100300000124
62725317730839129            00000028954035           MICHELLE D. JOHNSON     0053100300000125
62725317704908626635522      00000026204080           WALTER V. BASS, JR.     0053100300000126
62725317704908624688778      00000026204124           DANNY C. KIMBRELL       0053100300000127
6270531050590309419706       00000048304131           ANNA & BOBBY FRYE       0053100300000128
6270531076336262380730       00000020604229           MARY JO CHAPMAN         0053100300000129
627053100300002376209171     00000023404277           RHONDA A. GRIFFIN       0053100300000130
6270531104001000006103308    00000020604314           ALLEN BERG              0053100300000131
627053100300003242533089     00000074104366           JD'S COUNTRY STORE      0053100300000132
62725317704908628332365      00000026204381           JOAN & SAMUEL HARRIS    0053100300000133
62725317704908606272090      00000034604421           PETER WILSON            0053100300000134
6270531076331509201928       00000023404461           DANNY J. EVANS          0053100300000135
6270531011215217633496       00000015004468           FAYE B. ROUSE           0053100300000136
627053100300002376280832     00000029004543           JAMES LONDON            0053100300000137
62725318453701100498419      00000026204571           MICHAEL R. HUNT         0053100300000138
6270531076336263203058       00000026204573           MARK & ANITA YEFKO      0053100300000139
6270531104001000001417785    00000023404582           SUZANNE & CHARLES ARDE  0053100300000140
627053100300003339621671     00000015004590           T.L. TURNAGE            0053100300000141
62725317704908627451661      00000031804618           ROBERT M. SKELLIE       0053100300000142
62725317704908625820128      00000023404620           BRIAN MAYHEW            0053100300000143
627053100300003249562325     00000029004658           MARVIN E. HILL          0053100300000144
6270531008500218605600       00000029004674           DELLA LEINART           0053100300000145
6270531050590650660706       00000037404766           LESLIE COLLINS          0053100300000146
627053100300003339621671     00000015004767           THOMAS TURNAGE          0053100300000147
6270531104001100003567106    00000015004770           JANIE CORBETT           0053100300000148
62725317704908629395093      00000015004779           JACK POCK               0053100300000149
627053000196000651663130     00000020604790           WILLIAM CARTER          0053100300000150
62725317704908628585741      00000017804800           KAREN L. GILMORE        0053100300000151
627053000196000686687698     00000020604802           MICHELLE FAUCETT        0053100300000152
627053207614300003175        00000015004899           REBA WALKER             0053100300000153
627053100300003242450654     00000015004914           WILSONS MILLS CHR.CHUR  0053100300000154
627053100300003249548486     00000017805046           ROGER L. JOHNSON        0053100300000155
6270531008500450121731       00000048305084           ANNA J. MOELMAN         0053100300000156
6270531076336268720562       00000026205493           JILL SPURKOSKY          0053100300000157
62725317704908627113750      00000020605494           JAMES C. SMYRE JR.      0053100300000158
627053100258621641862        00000020605514           TRONA M. CARTER         0053100300000159
6270531076336262378529       00000020605550           CHRISTOPHER A. GRINDLE  0053100300000160
62725317549400700831900750   00000026205551           KRISTOPHER SCOTT MITCH  0053100300000161
62725317704908625414920      00000023405556           BEN BASS                0053100300000162
627053100300002376273827     00000017805722           VICTOR N. WILLIS        0053100300000163
6270531015298226642358       00000029005788           DAVID W. SAWYER         0053100300000164
6270531076331508151434       00000067655813           JIM HARRIS              0053100300000165
6270531076336265765137       00000015005825           THOMAS HOWARD           0053100300000166
62725317704908624407921      00000023405835           DON & GINGER COLE       0053100300000167
62725318453701100069630      00000015005840           KATHERN E. JOHNSON      0053100300000168
627053100300007215336769     00000015005842           JIMMY WILLIAMS          0053100300000169
627053000196000044565125     00000015005843           RAYMOND MYERS           0053100300000170
62725317704908625893482      00000015005852           DALE & JOSELYN WESTCOT  0053100300000171
62725317704908629242660      00000015005854           TERRI REESE             0053100300000172
62725317549400702121000150   00000015005857           CHARLES ARNOLD          0053100300000173
627053100300005616731648     00000015005868           GREGORY WRIGHT          0053100300000174
62725317704908624979954      00000015005883           LYNNE CULBRETH          0053100300000175
627053100300000508931723     00000023405927           RUDOLPH BAKER           0053100300000176
627053000196000044375335     00000026205934           FELICE & NOLAND CHADWI  0053100300000177
6270531076336266207540       00000017806153           BENJAMIN G. THOMPSON    0053100300000178
627253177117114000490687     00000023406198           LAFAYE BRYANT           0053100300000179
6270531050590804753706       00000023406273           MILTON L. REED          0053100300000180
6270540012201066840698495    00000026206276           ALAN & HEATHER WOLF     0053100300000181
627253177120145000039839     00000023406417           SARAH & JEFF MOORE      0053100300000182
6270531050590805271906       00000020606425           THOMAS WESLEY JOHNSON   0053100300000183
62725317704908624590615      00000026206429           RALPH HUDSON            0053100300000184
6270531011215215365125       00000029006784           ERIC LEACH              0053100300000185
6273110794740040660000       00000035406787           CATHY WATERS            0053100300000186
6270531011215196569679       00000020606870           BRIAN WILLIAMS          0053100300000187
62706100025601095396         00000067656927           SHARON MARSALIS         0053100300000188
62725317704908624126310      00000026206928           DEBORAH L. GUTHRIE      0053100300000189
627053100300004307968540     00000061206948           ROY E. STAHL            0053100300000190
6270531003550457250731       00000015006973           GEORGE E. LEWIS III     0053100300000191
62725317704908606448973      00000035407004           DENISE & TODD STINAGLE  0053100300000192
627053100300000867070191     00000029007031           ALAN T. HOLLEMAN        0053100300000193
62725317704908606066422      00000023407040           NANNIE W. JOHNSON       0053100300000194
627053000196000044444974     00000026207044           MARK & MICHELE MOSER    0053100300000195
627053000196000658396908     00000026207047           ANTHONY W. SOUTHERLAND  0053100300000196
62731407426913499297         00000026207057           JEFF & NANCY STREET     0053100300000197
62725317704908627012941      00000026207062           CHRISTINE BEHAN         0053100300000198
6272214736520072003289481    00000029007066           THERESA A. FRATTINI     0053100300000199
62725317704908627665037      00000023407070           DONNIE & CINDY TAYLOR   0053100300000200
62725317704908625321716      00000015007091           CHRISTOPHER COLANGELO   0053100300000201
62725317704908629780135      00000023407098           LEWIS CREECH SANDERS    0053100300000202
627053100300001081857313     00000015007107           JAMES KENNETH LASSITER  0053100300000203
627053100300000867512236     00000020607113           MARK E BOGART           0053100300000204
627053100465592074740        00000015007130           JOEL M. PACE            0053100300000205
627053100465592074740        00000015007131           JOEL M. PACE            0053100300000206
6270531045683543317160       00000015007138           WILLIAM T. HARRIS       0053100300000207
62725317704908605011593      00000030007166           LARRY W. CASTLEBERRY    0053100300000208
6270531076336261899761       00000015007180           CHRISTINE SASSER        0053100300000209
627044000804040126181182     00000017807197           DAVID M. SORRELL        0053100300000210
627053100300002376114279     00000017807204           J.T. SMITH              0053100300000211
62725317704908614240400      00000026207205           RUSSELL MURRAY          0053100300000212
62725317549400066326300850   00000020607224           JAMES MCKERCHER         0053100300000213
62725317704908604800574      00000017807229           ROBERT BOYETTE          0053100300000214
6270531050590411442601       00000060807232           ARCHER LODGE FIRE DEPT  0053100300000215
6270531008500574051464       00000020607239           LACY C. CASTLEBERRY     0053100300000216
6270531050590420103506       00000015007241           WALTER F. JOHNSON       0053100300000217
6270531050590420103506       00000015007242           WALTER JOHNSON          0053100300000218
6270531104001064054291978    00000017807243           JUDY W. LOWDERMILK      0053100300000219
6270531050590300416306       00000015007254           CLARICE BARNES          0053100300000220
6272531748930900040173003    00000015007261           ROBERT & MARY DOOLEY    0053100300000221
6270531050590411442601       00000015007278           ARCHER LODGE FIRE DEPT  0053100300000222
6270531011215194837021       00000023407289           JAMES M. & LORI DANIEL  0053100300000223
62725317704908624292861      00000015007295           DIRK & THERESA GALE     0053100300000224
6270531011215215443487       00000017807303           PAUL & CHRISTINA MOBLE  0053100300000225
62725317704908626731995      00000015007305           DAVID HAMILTON          0053100300000226
62725318453701100372533      00000023407325           HAROLD G. USHER         0053100300000227
62725317704908605967536      00000026207344           C R HINTON              0053100300000228
6270531011215112330374       00000026207351           GEORGE H. & ANGELA SAF  0053100300000229
627053100300000868495298     00000015007353           GLEN HINNANT            0053100300000230
627053100300003249559687     00000017807355           JIMMY HINNANT           0053100300000231
6270531050590423164306       00000017807356           NETTIE S. DEAN          0053100300000232
6270531008500060099233       00000031807357           JODY R. CHAMBLEE        0053100300000233
6270531050590900042901       00000043007371           TIM FRANKS              0053100300000234
6270531076336262457102       00000020607377           MIKE & DEBBIE WYZYKOWS  0053100300000235
6270531004522108028001       00000015007388           LEE'S CROSSROADS BAPT.  0053100300000236
627053100300001086952424     00000023407399           ANNIE L. JOHNSON        0053100300000237
62725317704908624407155      00000017807411           DIANE BAGGETT           0053100300000238
62725317549400051447800350   00000015007428           MARK BENGE              0053100300000239
6270531050590423163506       00000015007444           PERRY L. BAUER          0053100300000240
62725317704908624196028      00000015007454           WAVERLY V. JONES JR.    0053100300000241
627053100465432010418        00000015007493           ROGER E. GESSNER        0053100300000242
627053100300001086907850     00000020607501           NEIL MURPHEY            0053100300000243
6270531003000867118319       00000020607517           KENNETH WESTBROOK       0053100300000244
627053100465592082561        00000017807519           ROBERT N. LOMONTE       0053100300000245
6270531008500574051464       00000020607520           LACY CASTLEBERRY        0053100300000246
62725317704908605403538      00000023407522           PHYLLIS CREECH          0053100300000247
62725317704908626687656      00000015007543           JAMES OLCOTT            0053100300000248
6270531008503203036189       00000026207612           KELVIN M. MILES         0053100300000249
62722197936300000001401009   00000020607614           SAVERIO & DENISE BIANC  0053100300000250
627053100300008177057042     00000023407632           JON ENGEL               0053100300000251
6270531011215196284747       00000023407637           GEORGE & SUZANNE BEJIA  0053100300000252
6270531011215118251646       00000020607655           VERONICA S. MCNEIL      0053100300000253
62725317704908628427321      00000023407772           ANGELA Y. HARLEE        0053100300000254
62725317704908606619605      00000026207778           ALLEN B. MARTIN         0053100300000255
62725317549400701959700550   00000020607794           RYAN WILLOUGHBY         0053100300000256
62725317704908630091222      00000015007829           LINDA G. ROBERTSON      0053100300000257
627053000196000651739351     00000017807925           DEANN L. WASHINGTON     0053100300000258
6270531076336764119587       00000071007942           JULIE BUTCHER           0053100300000259
6270531050590424321806       00000026207957           WILLIAM B. LANGSTON     0053100300000260
6270531008500210124319       00000015008036           RICHARD & CAROLYN FITZ  0053100300000261
62725317704908624742316      00000026208236           LISA HODGE              0053100300000262
62725317704908628967643      00000015008240           DONEL HUBERT STANLEY    0053100300000263
62725317704908606727657      00000031808251           TONY & SHERRI TROOP     0053100300000264
6272631831750000007698006    00000029008255           SUSAN & THOMAS COOK     0053100300000265
6270531104002000001161425    00000022508326           DIAMONDS & GOLD DIRECT  0053100300000266
6272560749741846074704       00000037408425           RAYMOND GONZALEZ        0053100300000267
627053100300002376288818     00000061208441           KRISTIN CLARKE          0053100300000268
6270531076336266172036       00000020608452           GARY SUTTON             0053100300000269
62725317783200002873830590   00000035408469           LINDA L. CRAIG          0053100300000270
6270531008500218084112       00000020608511           DENNIS UNDERWOOD SR.    0053100300000271
62725317704908624292650      00000020608579           JAMES M. CALDWELL       0053100300000272
6270531085801060542277880    00000017808614           DAVID CHARLES WARD      0053100300000273
6270530002194000324317       00000023408671           VERNON HANCHEY          0053100300000274
6272550773701757954003       00000023408676           CHRIS & JENNIFER LANHA  0053100300000275
6270531008500218444640       00000026208697           LYNN B. PREVATTE        0053100300000276
62725318453701100389183      00000020608727           DEBBIE & TIM BARANSKA   0053100300000277
627053100300002376290133     00000015008795           SUE B. HOERTER          0053100300000278
6270531104001000004053256    00000017808806           PEARL WALLACE BARNES    0053100300000279
627053100300003249625816     00000020608855           GEORGE M. STONE         0053100300000280
6270531008500218066774       00000017808866           MARIE C. SOLLARS        0053100300000281
6270531004943566113476       00000023408904           JUAN K. CARROLL         0053100300000282
627053100300000867675799     00000015008943           BENNIE & VICKIE BOYLES  0053100300000283
627053000196000651666644     00000023408956           ANTHONY FREEMAN         0053100300000284
627053100465592003361        00000023408975           THOMAS RICHARDSON       0053100300000285
627053100465592076841        00000029008981           LESTER C. BOYD          0053100300000286
627053100300000000211042     00000017808986           LONA B. HARRIS          0053100300000287
6270531008500060099233       00000015009059           JODY CHAMBLEE           0053100300000288
627053000196000685049907     00000023409343           NANCY B. TILGHMAN       0053100300000289
6270530001836265077780       00000023409348           CENTRAL CAROLINA        0053100300000290
62725317704908626180708      00000023409559           SUSAN PAYNE             0053100300000291
62725317704908625439773      00000023409642           DOUGLAS SCHNEIDER       0053100300000292
62725317704908606740536      00000023409689           JIM MCKEITHAN           0053100300000293
62725317704908628950091      00000017809768           JOHN & FRANCES HOMICKI  0053100300000294
6272433851550970000082802    00000041859967           COLLIN BROWN JR.        0053100300000295
62722137537895630350036083   000000178010350          JAMES & LINDA JUNK      0053100300000296
62725317704908614342407      000000206010357          JEREMY & APRIL DEANS    0053100300000297
6270531011211123429598       000000483010368          KIMBERLY B. CLIFTON     0053100300000298
627053100300002787960012     000000289510524          WARREN W. RAPER         0053100300000299
62725318453701170133423      000000234010644          SHERRI W. CALLERY       0053100300000300
62725317704908604013319      000000150010704          JOE G. CREECH SR.       0053100300000301
6270531008500212056188       000000206010717          ROBERT YANELLO          0053100300000302
62725317704908628932694      000000418510891          KAREN D ALLEN           0053100300000303
6272560784461145112023       000000234010941          CINDY LEE CASEY         0053100300000304
6270531050590805131306       000000150010946          BARBARA WILFONG         0053100300000305
6270531011211323258534       000000290011118          ROBERT G. YOUNG III     0053100300000306
62725317704908627848159      000000234011151          JAMES L. YEATTS JR.     0053100300000307
62725317704908628890439      000000483011173          BECKY & JOHN FOOTE      0053100300000308
62725317704908625893888      000000290011186          SHERRI & WILLIAM CANNA  0053100300000309
62725317704908626685191      000000318011408          PAMELA A. ANNIS         0053100300000310
62725317704908624283543      000000150011409          CHRISTOPHER M. TYLER    0053100300000311
62725317704908629380609      000000262011481          ROBERT A. HORTON        0053100300000312
627053000196000690175604     000000234011482          JIM & APRIL CHAMBLEE    0053100300000313
6270531076336267172130       000000234011543          KEITH SCHUELER          0053100300000314
62725317704908606991722      000000418511549          TED & AUNDRIA BREWINGT  0053100300000315
6270531076336260154988       000000418511829          TARA COPELAND           0053100300000316
627053100300002376225243     000000234011853          MINNIE WILLIAMSON       0053100300000317
6270531008500403176625       000000374011883          JEFFREY A. YUZINK       0053100300000318
62725317704908624225132      000000206011886          JAMES DAUGHTRY          0053100300000319
6270531008500553139571       000000202011891          DAVEY & KRISTY KOTORMA  0053100300000320
62725317704908624283543      000000402012146          CHRISTOPHER & PAMELA T  0053100300000321
627053100465542009175        000000418512189          ROBERT F. DIXON         0053100300000322
62725317549400015636505450   000000206012206          JOSEPH H. LEVEILLE      0053100300000323
6272530749772356859769       000000318012210          JERRY SPANGLER          0053100300000324
62725317704908627322421      000000234012401          GREG & NICOLE ADAMS     0053100300000325
627053100300003249713066     000000354012415          EJ FILICKY              0053100300000326
6270531050590421984806       000000178012417          MARVIN LEAGAN           0053100300000327
6270531104001100002049939    000000483012428          MYRNA PRICE             0053100300000328
6270531008500553133014       000000225012444          MARJORIE PUCKETT        0053100300000329
6270531003000866257958       000000225012460          LILLY BELLE JOHNSON     0053100300000330
62725317704908606998641      000000418512461          KATHLEEN BREWINGTON     0053100300000331
6270531011215110692996       000000418512469          MARY & JESSE HATCHER    0053100300000332
627053100300000866642776     000000178012552          JOHN B. FRISONE         0053100300000333
6270531076331505148358       000000206012616          JAMES J WILLIAMS        0053100300000334
62725317704908605011593      000000150012702          LARRY CASTLEBERRY       0053100300000335
62725317549400900010700050   000000418512713          LARRY & DIANE BRITTON   0053100300000336
62725317704908628105269      000000290012781          TIMOTHY & SHERRI NEWHO  0053100300000337
62725317704908625106274      000000206012805          MARTHA J FRISONE        0053100300000338
6270531008500230101712       000000206012810          JAMES L SUMMEY          0053100300000339
6270531076331501145205       000000318012813          JEFF DETIG              0053100300000340
62725317704908627149366      000000290013011          JOSEPH & KAREN CARTER   0053100300000341
6270531050590804247006       000000805513079          JOHN T. HILL JR.        0053100300000342
62725317704908626778427      000000234013255          CHRISTOPHER P. RADFORD  0053100300000343
6270531008500553017761       000000150013286          TALMADGE MASSENGILL     0053100300000344
6270531011215113807549       000000150013292          LEROY PITTMAN           0053100300000345
62725317704908605256902      000000150013409          SUSAN BARBOUR           0053100300000346
627053100300003249769502     000000150013450          NINA LASSITER           0053100300000347
6270531050590650655006       000000150013452          FRANK P. HILL           0053100300000348
627053100300003249427852     000000150013453          MARK HILL               0053100300000349
627053100300003249456629     000000150013454          JAMES GIBSON, JR        0053100300000350
627053100300003249717016     000000234013455          ROSE HILL LIFE ESTATE   0053100300000351
627053100300003242446946     000000262013456          SANDERS CHAPEL CHURCH   0053100300000352
627053100300003242446946     000000178013457          SANDERS CHAPEL CHURCH   0053100300000353
627053100300003249638617     000000262013458          JIMMIE EASON            0053100300000354
62725317704908624089345      000000290013838          WILLIAM RALPH TALTON    0053100300000355
6270531008500553018075       000000262013886          DAVID MESSER            0053100300000356
6270531011215110646625       000000234013891          WALTER DAUGHTRY         0053100300000357
6272560749740423724707       000000234013925          FRANCES L. ROBSON       0053100300000358
6270531011215219974916       000000289513990          ROLANDA C BASHEER       0053100300000359
6270531011215117851607       000000262014094          ROY L DUNCAN            0053100300000360
62725317704908625046603      000000262014189          JENNIFER FISH           0053100300000361
6270531011215218004255       000000262014273          BRIAN D. SCOTT          0053100300000362
6270531008500704226825       000000234014276          THOMAS VANDERPUTTEN     0053100300000363
627053100300003249605364     000000206014281          TONY PAUL GREEN         0053100300000364
62725317704908624030124      000000206014459          THOMAS & MICHELLE COUG  0053100300000365
62725317704908627823998      000000418514464          KRISTEN L. THOMAS       0053100300000366
62725317704908624117553      000000612014467          BRAD LOPP               0053100300000367
6270531008500574039203       000000547514468          CHARLES SMITH           0053100300000368
62725317704908624488936      000000262014483          CHAD HARVEY             0053100300000369
627122101706000271446321     000000234014567          ARIELLA & BRUCE MCABEE  0053100300000370
62725317704908624196618      000000374014601          CHARLES W. MASSEY       0053100300000371
6270531050590309044206       000000178014622          LINDA C. CROCKER        0053100300000372
6270531011211073103068       000000234014651          PETER KONNEKER          0053100300000373
627053100300003249468427     000000206014766          EDNA PETERSON           0053100300000374
62725317704908629485662      000000206014917          GILLIAN JONES           0053100300000375
62725317704908604800574      000000150014976          ROBERT T. BOYETTE       0053100300000376
627053000196000691213442     000000262014995          NOEL LANIER             0053100300000377
6270531011215119612189       000000290015008          JENNIFER SHIEL          0053100300000378
627053100300003242540414     000000150015043          BARRY L.CREECH,TRUSTEE  0053100300000379
627053100300008135208572     000000692015053          MT. ZION METHODIST CHU  0053100300000380
62725317704908604800582      000000150015055          LINDA SEWALL            0053100300000381
62725317704908604800582      000000150015056          LINDA SEWALL            0053100300000382
62725317704908605011550      000000206015124          FRANCES P. TALTON       0053100300000383
6270531059362557003626       000000290015160          TOMMIE & LOUISE GARNER  0053100300000384
6270531076331504121279       000000262015413          GAIL J. HAAS            0053100300000385
62725317704908629347198      000000289515419          MILDRED PEEDIN          0053100300000386
627052001633007000374217     000000262015429          LLOYD SMITH             0053100300000387
627053100300002376243062     000000150015482          MAHATAM JAILALL         0053100300000388
6270531050590423103106       000000150015486          WILLIAM J. SIMMONS      0053100300000389
62725317704908606067206      000000262015492          DANNY & SUE COLE        0053100300000390
6270531011215217196436       000000418515576          CHRIS OVERBY            0053100300000391
627053000196000043366996     000000418515669          JACK & LOTTIE FORLINES  0053100300000392
62725317704908630420487      000000547515783          RONALD & JEANIE PERRY   0053100300000393
6272531707580000089689       000000234015807          DENNIS GRAHAM           0053100300000394
6270531008500553012107       000000262015812          KEITH HILL              0053100300000395
62725317704908626732832      000000150015847          WILLIAM PEELE,JR        0053100300000396
62725317704908614460921      000000150015886          EARLIE FORTE            0053100300000397
627053000196000043954239     000000262015896          JACOB M. NLRHM          0053100300000398
627053112275041002056        000000150016286          RICKY CROCKER           0053100300000399
6270531015294470504784       000000234016441          DURWOOD MITCHELL        0053100300000400
62725317704908605146068      000000234016443          PEGGY DAUGHTRY          0053100300000401
62725318453701100287558      000000150016484          BERNADETTE FROST        0053100300000402
6272433851550970000082802    000000150016508          COLLIN BROWN JR.        0053100300000403
6270531011211103011171       000000150016535          DOROTHY OLIVER          0053100300000404
62725317704908606998617      000000178016547          LARRY & LINDA RAMSEY    0053100300000405
62725317704908606998617      000000262016548          LARRY & LINDA RAMSEY    0053100300000406
62725317704908630103254      000000547516552          MARK & KIRBY HUGHES     0053100300000407
6270531011215216715219       000000234016598          JOHN & NICOLE DALTON    0053100300000408
6270531076336264190159       000000262016617          PETER M. CODD           0053100300000409
62725317704908630190394      000000262016629          BETTY A. BYRUM          0053100300000410
6270510002535304565556       000000262016639          CHRISTOPHER & BRENDA C  0053100300000411
62725317704908604047930      000000178016642          DUANE RAVER             0053100300000412
6270531011211103010620       000000206016656          HILDA & RALPH WOODARD   0053100300000413
6270531011215215113916       000000430016738          NORMAN MASSENGILL       0053100300000414
6270531050590651973306       000000318016777          MORRIS THOMPSON JR.     0053100300000415
6270531011211073083806       000000262016798          RICHARD A. COOPER       0053100300000416
62725317704908628496423      000000290016888          CHARLES OLMSTEAD        0053100300000417
627053100300000868134433     000000262016890          SHIRLEY A HILL          0053100300000418
627053112275043006147        000000206016921          JUDY W TABRON           0053100300000419
62725317704908630417384      000000206016951          JO ANNE TOMKO           0053100300000420
62725317704908624974539      000000178016955          SUSAN S. BARBOUR        0053100300000421
627053100300002376149914     000000150017033          TAYLOR LANGFORD         0053100300000422
627053000196000045950961     000000150017148          ALLAN MARSHBURN         0053100300000423
6270531011215110646625       000000234017180          WALTER DAUGHTRY         0053100300000424
627053100300003249456629     000000150017259          JOYCE GIBSON            0053100300000425
6271220006610916004772       000000178017479          PARIS & BARBARA KUSEL   0053100300000426
627053000196000684600211     000000234017507          WILLIAM & KAREN COOPER  0053100300000427
62725317704908625802755      000000206017555          CHRISTY STRICKLAND      0053100300000428
62725318453701100792247      000000418517795          ROBERT & KAREN DAWKINS  0053100300000429
62731407426912050512         000000547517875          SHAWN CIENIAN           0053100300000430
6270531008500553115713       000000262017894          TONY STREAND SR.        0053100300000431
627053000196000658880893     000000290018212          TIMOTHY W. COSTIN       0053100300000432
627053100300003249710367     000000150018337          CARLTON DAUGHTERY       0053100300000433
62725317704908624594245      000000354018372          MARVEL O. MITCHELL      0053100300000434
62725318453701100888409      000000300018586          PAUL SCIURBA            0053100300000435
62725317704908626778849      000000234018929          VERA OHIAERI            0053100300000436
622053100300003242489815     0001105090               JOHNSTON CTY PUBLIC UT  0053100300000437
820000043759237275180000011050900000011050901566000311                         053100300000001
9000001000045000004375923727518000001105090000001105090                                       
9999999999999999999999999999999999999999999999999999999999999999999999999999999999999999999999
9999999999999999999999999999999999999999999999999999999999999999999999999999999999999999999999
9999999999999999999999999999999999999999999999999999999999999999999999999999999999999999999999
9999999999999999999999999999999999999999999999999999999999999999999999999999999999999999999999
9999999999999999999999999999999999999999999999999999999999999999999999999999999999999999999999
9999999999999999999999999999999999999999999999999999999999999999999999999999999999999999999999
9999999999999999999999999999999999999999999999999999999999999999999999999999999999999999999999
9999999999999999999999999999999999999999999999999999999999999999999999999999999999999999999999
9999999999999999999999999999999999999999999999999999999999999999999999999999999999999999999999
