101 053101121 0531011210003130951A094101BRANCH BANK & TRUST    BRANCH BANK & TRUST            
5200WADESBORO NC                        0566001358PPDUTIL BILL 000313000313   1053101120000001
6270531008501170002150       00000014008              FIRST BAPTIST CH        0053101120000001
820000000100053100850000000014000000000000000566001358                         053101120000001
9000001000001000000010005310085000000001400000000000000                                       
