101 053101121 0531011210003130940A094101BRANCH BANK & TRUST    BRANCH BANK & TRUST            
5200TOWN OF WADESBOR                    00        PPDUTIL BILL 000310000310   1053101120000001
6270531008501170002150       00000014008              FIRST BAPTIST CH        0053101120000001
622053101121566001358        0000001400               TOWN OF WADESBORO       0053101120000002
8200000002001062019700000000140000000000140000                                 053101120000001
9000001000001000000020010620197000000001400000000001400                                       
9999999999999999999999999999999999999999999999999999999999999999999999999999999999999999999999
9999999999999999999999999999999999999999999999999999999999999999999999999999999999999999999999
9999999999999999999999999999999999999999999999999999999999999999999999999999999999999999999999
9999999999999999999999999999999999999999999999999999999999999999999999999999999999999999999999
