101 053101121 0531011210111160831A094101BRANCH BANKING & TRUST BRANCH BANKING & TRUST         
5200BLADEN COUNTY WA                    5660002770PPDUTIL BILL 011115011115   1053101120000001
627053100300000688027814     000000245833             MILLIE THOMPSON         0053101120000001
627053100300000688011004     000000177058             DONALD L GRANGER        0053101120000002
62725317704908624986046      0000002650159            WILLIAM R EVANS         0053101120000003
6270531011215217514950       0000002155216            PAUL M GOODEN           0053101120000004
6270531076332600254959       0000001028263            MILDRED M BUTLER        0053101120000005
6270531076332607255130       0000001660315            DOUGLAS R LONG          0053101120000006
6270531011215217520438       0000001605326            CLYDE W JOHNSON         0053101120000007
6270531076332600300485       0000001963341            CLARK VALENTINER        0053101120000008
6270531011215217517437       0000001853347            SAMUEL G WARREN         0053101120000009
627053100300000688012507     0000001000368            GRACE P HESTER          0053101120000010
6270531076332607220310       0000001743373            LYNN G KING             0053101120000011
6272214728158310106801       0000001000389            ANNIE M WARE            0053101120000012
6270531011215217516244       0000001330439            JAMES L LINDSAY         0053101120000013
627053100300000688000452     0000001028457            DAVID ATKINSON          0053101120000014
627053100300000688027296     0000001000495            DOWNIE TAYLOR           0053101120000015
6270531011215214969752       0000001853524            HOUSTON HESTER          0053101120000016
627053100300000688065260     0000001000541            DAVID M LONG            0053101120000017
627053100300000688015808     0000001798601            JAMES M KINLAW          0053101120000018
6270531076332604201737       0000001688602            HUBERT G CARROLL        0053101120000019
6270531076332604202421       0000001028603            LUELLA C WIKE           0053101120000020
6270531011215217957151       0000001028672            CLARICE BUTLER          0053101120000021
62725317704908624647212      0000001495701            SUZETTE L BROOKS        0053101120000022
627053000196000669953938     0000001440704            EBERT G GUYTON          0053101120000023
627053100300000000126026     0000001055718            JAYFORD DOWLESS         0053101120000024
62725317704908627171790      0000001688840            FRANKLIN ALLEN          0053101120000025
6270531076332605236802       0000003255855            AGNES H TAYLOR          0053101120000026
6270531011215217516759       0000001000926            LEONARD R SASSER        0053101120000027
62725318453701100381317      0000001770960            BILLY MCGAVOCK          0053101120000028
62725317704908625396857      00000017701017           MARGARET D HARDEE       0053101120000029
6270531076332605263621       00000016601124           BOBBY NORRIS            0053101120000030
627053100300000348788939     00000016881252           MARY L MCKOY            0053101120000031
62725317704908626985274      00000012481277           LEON TODD               0053101120000032
6270531011215214927308       00000014131394           RSH TRANSPORT           0053101120000033
6270531011215217734020       00000014401534           E.M. RUSS               0053101120000034
627053100300000688037968     00000010001545           RUBY H HENRY            0053101120000035
627053100300000000183068     00000013581546           TERRENCE E EDWARDS      0053101120000036
6270531076332605212938       00000016331555           WENDELL GARNER          0053101120000037
6270531011215213384696       00000011101581           MARJORIE NEFF           0053101120000038
627053100300000688053688     00000030081606           BOBBY CAIN              0053101120000039
627053100300000347784143     00000010001627           CAROLD'S BEAUTY SHOP    0053101120000040
6270531011211353023876       00000011381628           EARL B HARRIS           0053101120000041
627053100300008715212627     00000031731704           CHARLES W TEDDER        0053101120000042
627053100300008715211587     00000016051709           NASH HESTER             0053101120000043
6270531011215217527769       00000017151759           RAY SUGGS               0053101120000044
6270531011215217737852       00000010001788           INEZ MCEWEN             0053101120000045
6270531011215214118698       00000013031800           LEE HALL                0053101120000046
62725317704908605208222      00000018801827           N W SINGLETARY          0053101120000047
6270531011215217734918       00000010831845           GENE WILLIAMS           0053101120000048
6270531011215217744719       00000010001851           JAMES GIBSON            0053101120000049
627053100300000688007414     00000029801866           ALICE DEAVER            0053101120000050
6270531076332604224550       00000010001872           LANNIE MCKEE            0053101120000051
62725317704908614394178      00000012481890           HELEN D DOVE            0053101120000052
6270531076332605075998       00000014401995           BETHEL BAPTIST CHURCH   0053101120000053
6270531011215214118191       00000011932042           WILMA R TRIVETT         0053101120000054
627053100300000688003974     00000011102054           PURDIE G BULLARD        0053101120000055
6270531076332607205362       00000007262108           J F BURNEY              0053101120000056
627053000196000606626874     00000014402133           ANN DUNN                0053101120000057
6270531076332609232939       00000024032137           ROSCOE SESSOMS          0053101120000058
6270531076332607235849       00000019902143           FULTON STOKES           0053101120000059
62725317704908627174465      00000010002316           THERESIA S WRIGHT       0053101120000060
627053100300008710001943     00000035852392           KEITH A CLARK           0053101120000061
62725317704908605231465      00000011102394           DORIS AYCOCK            0053101120000062
6270531011215217730920       00000010002414           ST. JAMES AME ZION CHU  0053101120000063
62725317704908606413607      00000024852485           THOMAS F PRITCHARD      0053101120000064
627053100300000096167063     00000010002511           WILLIAM E SMITH         0053101120000065
627053100300000000366192     00000010002602           BERNARD POPE            0053101120000066
6270531008501193075838       00000011932658           CHARLES O HARDWICK      0053101120000067
6270531076332602228177       00000013302668           ALEXIS H JONES          0053101120000068
6270531076332606208479       00000012752709           WALTER BRYAN            0053101120000069
6270531076332605201440       00000020732727           DAVID C DAVIS           0053101120000070
62725317704908624646180      00000023202763           MELINDA UNDERWOOD       0053101120000071
6270531076332607204895       00000036682770           KIMBER MORGAN           0053101120000072
627053000196000606650414     00000014682780           MARGIE EVANS            0053101120000073
62725317704908624111688      00000011652871           SYLVIA K SPEER          0053101120000074
62725317704908625765405      00000014682894           WAYNE EDGE              0053101120000075
62725317704908624690173      00000022932942           STEPHEN A BARNHARDT     0053101120000076
627053100300008715215430     00000025953151           SAMUEL N WEST           0053101120000077
6270531011215217531227       00000024583153           DORIS P GRAHAM          0053101120000078
6270531076332600201744       00000010003158           ELIZABETH HESTER        0053101120000079
627053100300008805202541     00000021003187           ISAAC M HESTER          0053101120000080
6270531004944346317505       00000011653224           W B DRAPER              0053101120000081
627253177133112000604103     00000012203240           VONNIE R GUYTON         0053101120000082
627053000196000606030211     00000011103278           TABERNACLE HOLINESS CH  0053101120000083
6270531076332608270465       00000024583311           SHERMAN L GRAHAM        0053101120000084
6270531011215195013510       00000015233330           FRED V WRIGHT           0053101120000085
627053100300000688016278     00000010003423           BOBBY LENNON            0053101120000086
6270531008501193077200       00000012753424           MILLARD G STORMS        0053101120000087
62725317704908624986089      00000020183437           WALLACE MCQUEEN         0053101120000088
6270531076332605228915       00000013853438           LEWIS PASCHAL           0053101120000089
62725318442700000002906675   00000012483497           FRANCES KREIN           0053101120000090
627053100300008715202672     00000014953637           BERLINE GRAHAM          0053101120000091
62725317704908606393474      00000026503699           FAYE B ALLEN            0053101120000092
6270531011215217551023       00000013033972           BRONNIE F BOWEN         0053101120000093
627053100300008805201012     00000012484033           JO LYNN RANSOM          0053101120000094
627053100300000682751480     00000016884160           CENTER MISSIONARY BAPT  0053101120000095
62725317704908625765819      00000019904179           ELIZABETH A BROWN       0053101120000096
627053100300008805239002     00000017154184           DERRY SINGLETARY        0053101120000097
627053100300000688067514     00000016884197           GLENN CONNER            0053101120000098
62725317704908614309084      00000012484215           SAUNDRA S WHITE         0053101120000099
627053000196000606510914     00000012484313           JOHN LEE                0053101120000100
6270531011215216503858       00000036134365           SUSAN G PREVETTE        0053101120000101
627053100300008715217356     00000010004388           KIMIYO L STEWART        0053101120000102
62725317704908624020460      00000010834431           MATTHEW HAUN            0053101120000103
627053100300008715207326     00000019354491           KENNETH WHITE           0053101120000104
6272531717280700037904       00000013854598           JOE CARROLL             0053101120000105
627053100300000688015123     00000020734681           LYNN JOHNSON            0053101120000106
627053100300008805206200     00000013584720           JOE ALLEN               0053101120000107
627053100300008745231713     00000081384849           STEVEN NICHOLSON        0053101120000108
627053100300008715212600     00000025684924           BARRY M WHITE           0053101120000109
6270531076332607226048       00000033654998           ANITA DEPAUL            0053101120000110
6270531008501193019940       00000020455099           MALCOLM G SINGLETARY    0053101120000111
6270531011215217513539       00000020185142           OLIVER GAUSE            0053101120000112
6270531076332604210398       00000010005584           TILLIE RIDGEWAY         0053101120000113
627053100300000688044395     00000017705620           ALONZA STEPHENS         0053101120000114
62725318453701170035487      00000019355818           JOSEPH THOMPSON         0053101120000115
62725317704908625450198      00000024855953           ERIC CAIN               0053101120000116
62725317704908627890074      00000011385965           PEGGY BARNETTE          0053101120000117
6270531011215214656592       00000017156121           EATHER MITCHELL         0053101120000118
6272531717281690017509       00000682326300           DOGWOOD PARK            0053101120000119
6270211011081010001780185    00000012756405           JAMES O. MCKOY          0053101120000120
6270531076332605210213       00000012756493           TRACY PARRISH           0053101120000121
6220531011215217510165       0000271763               BLADEN COUNTY WATER DI  0053101120000122
820000012212016391410000002717630000002717635660002770                         053101120000001
9000001000013000001221201639141000000271763000000271763                                       
9999999999999999999999999999999999999999999999999999999999999999999999999999999999999999999999
9999999999999999999999999999999999999999999999999999999999999999999999999999999999999999999999
9999999999999999999999999999999999999999999999999999999999999999999999999999999999999999999999
9999999999999999999999999999999999999999999999999999999999999999999999999999999999999999999999
