101 053101121 0531011210612071600A094101BB&T                   BB&T                           
5200TOWN OF CAROLINA                    1566001193PPDPAYROLL   061207061207   1053101120000001
622053000196000180063802     00001016371              IRIS SALKE              0053101120000001
62225318453701100406764      00000675202              NYLLIA MANN             0053101120000002
62225317704908629553020      00001114483              VALITA S. QUATTLEBAUM   0053101120000003
6220531011215113079594       00001479804              MELINDA PRUSA           0053101120000004
6220531011215111379973       00001374795              DAWN JOHNSON            0053101120000005
622053100300003536640156     00000711426              PATRICIA LYERLY         0053101120000006
62231407426932384297         00001079817              EDMUND H PARVIN         0053101120000007
6220530002191036063221925    00001010708              JEREMY HARDISON         0053101120000008
62225318453701100407337      00000838269              CONNIE M LOWE           0053101120000009
6220531008500276258192       000016820310             HARRY OAKES III         0053101120000010
622053000196000604530284     000010698511             JOHN NELMS              0053101120000011
622053000196000651499730     000009833512             PERRY BAUGHMAN          0053101120000012
62225318453701100406836      000007859813             KURT BARTLEY            0053101120000013
622053000196000181164518     000011453214             JOHN BLODGETT           0053101120000014
62225318453701170123946      000011091415             CHRISTOPHER CHAFIN      0053101120000015
6222531717280302360309       000008895016             MARGARET EDGAR          0053101120000016
622053000196000668372837     000012965117             BILLY GOODSON           0053101120000017
6220531011215111384489       000013538818             HARRY HUMPHRIES         0053101120000018
622053000196002370590730     000009975419             ANTHONY MARCUCILLI      0053101120000019
62225318453701170065723      000011771120             ROLLIN STONE            0053101120000020
62225317704908628634590      000010176921             BURTON WOMBLE, JR       0053101120000021
6220531008503403010207       000010311122             CHRISTOPHER S LATHAM    0053101120000022
6220531011215215511555       000002186423             GARY M STREAM           0053101120000023
62225317704908629554648      000009722624             CLIFF W MATTHEWS, JR    0053101120000024
622053000196002372906335     000001748925             GERALD W MORTON         0053101120000025
622053000196000183597236     000006979126             NANCY R STOUT           0053101120000026
62222238035995700300231793   000011384127             LARRY H. WARD           0053101120000027
622053000196000691027625     000012619628             KENNETH B. FOLTZ        0053101120000028
6220530002191010082067115    000018942229             WILLIAM B ROBERTS       0053101120000029
62225317704908626826345      000012004330             CHRISTOPHER E SPIVEY    0053101120000030
622053100300000626807542     000009398131             JUNIOR BREWER           0053101120000031
622053100300003536812819     000008535132             TIMOTHY A LAWRIE        0053101120000032
622053100300003536647948     000010220933             ANDREW S. WEBER         0053101120000033
6220531011215194742675       000008859534             JOHN WRENN              0053101120000034
622321176804164487           000009207935             HAROLD M ELLINGTON      0053101120000035
622053000196002370588522     000010303136             WARREN DEWOLF           0053101120000036
622053000196000685124398     000002056937             HENRY R TROGDON         0053101120000037
6220610001041000035846640    000003821638             TIMOTHY E MATTINGLY     0053101120000038
622053000196000693651167     000006556739             PHILLIP G. INSKIP       0053101120000039
62225318453701100653685      000013401340             TED LASHLEY             0053101120000040
62225318453701170122433      000009420641             RICHARD HOLT            0053101120000041
6220531011215290836044       000006263742             MARGARET M DOWLING      0053101120000042
6220531011215215278052       000009752143             BRIAN R STANBERRY       0053101120000043
62225318453701100078027      000008129444             SHEILA TROTT            0053101120000044
6220531011215198688357       000016964645             STEVEN J PAGLEY         0053101120000045
622053100465532159896        000007406746             CAROL D. MCVICKER       0053101120000046
622053000196000183851294     000013717647             WILLIAM LIZAK           0053101120000047
632053000196000696430628     000007332748             KIMBERLY ANDERSON       0053101120000048
62225318453700409316         000006190849             KENNETH LEWIS           0053101120000049
62225317704908625677894      000010282850             WILLIAM RAYMOND         0053101120000050
62225317704908629312374      000006764951             MICHAEL P CROFTON       0053101120000051
6220530002191010114379674    000010919052             MARK FOWLER             0053101120000052
622053000196000691026862     000010806153             CHARLES PARKER          0053101120000053
6220531011215213797826       000012607954             RICHARD W BEDGOOD       0053101120000054
62225318453701170122572      000011352655             RONALD GURGANIOUS       0053101120000055
6221140006537476330845       000010380556             BRENDA D BUTLER         0053101120000056
622053000196000696431973     000006542257             RICHARD A. ICENHOWER    0053101120000057
622053100300003536956118     000008807858             LANI C. THOMPSON        0053101120000058
62205310679942876005         000008987459             JUSTIN M. MAURICE       0053101120000059
62225317704908630287145      000009084360             WAYNE E. GUNTER         0053101120000060
6220531011215212620639       000013078661             VAN G. PAXTON           0053101120000061
622053000196000654811331     000010415962             DARRELL K. COLLINS      0053101120000062
622053000196000696635562     000007650663             MARY C. GRADY           0053101120000063
62225318453701100964918      000008617064             ROY J. GARDNER          0053101120000064
62225318453701100407572      000009361265             JACK B. PITTS           0053101120000065
6220531011215292140829       000008402666             CAESAR D. SIMPSON       0053101120000066
6220531011215212312713       000010145567             JASON R. HANSON         0053101120000067
62225318453701100407396      000015159268             WILLIAM K. YOUNGINER    0053101120000068
62225317704908627483321      000008092469             CARLEY M. JONES         0053101120000069
62225317760900000005005709   000008403270             KIMBERLEE G. TAYLOR     0053101120000070
6220531011215292531917       000007360971             CORY L TURNER           0053101120000071
6222531770498615236008       000005531672             SYLVESTER J. MCINTYRE   0053101120000072
6220531011210005296092128    000008254573             WILLIAM G. MCKEEN, JR.  0053101120000073
6220531122040000131524       000006466274             KEITH M. WISE           0053101120000074
6220560076041010013606972    000009501575             MICHAEL N. BOJKO        0053101120000075
6220531016261010108704323    000008333476             DANIEL R. SHIVONE       0053101120000076
62225317704908628598171      000009223977             WILSON R. LEFLER        0053101120000077
62225318453701100419960      000010088578             CHARLES G. SMITH, JR.   0053101120000078
6220531011215196955307       000009861679             JEFFREY R HARVEY        0053101120000079
6220531008500276382441       000014138380             SARAH E. ARCHIBALD      0053101120000080
62225317704908627400215      000010177481             WINSTON C. SOWARD       0053101120000081
62225318453701100502545      000009585182             JOHN M. ANDREWS, II     0053101120000082
62225317704908627678436      000007526183             LINSEY A. MANNING       0053101120000083
62225318453701101300988      000008519584             KENNETH W. MURRAY       0053101120000084
632321176804146037           000008132885             TIMOTHY MURPHY          0053101120000085
6220530002191086147318458    000006944486             KEVIN BYRD              0053101120000086
62225318453701100845150      000010750987             SIMON W. SANDERS        0053101120000087
6220550032011010122154292    000008581588             SARA HARTMAN            0053101120000088
62225318453701101356033      000015343489             STEVEN HARRELL          0053101120000089
622021000322009517630145     000009513490             VICTOR LAUBER           0053101120000090
62225318453701101397062      000007153691             JOSEPH LONERGAN         0053101120000091
622053100300003186413340     000007564892             WILLIAM C. AMMONS       0053101120000092
62225318453701100605800      000019418393             TIMOTHY W. OWENS        0053101120000093
6220514005491053033233489    000007997894             KAREN L CRENSHAW        0053101120000094
622053100300003186419152     000006842295             ANTHONY L. AMMONS       0053101120000095
632253184537004154277        000006838196             ANGELO FINNEY           0053101120000096
62225317704908629554146      000004185297             RONALD E. RHODES        0053101120000097
622053000196000183351287     000009454598             DALE C. FUNDERBURK      0053101120000098
6222531717282200025605       000008698199             HIRAM B. SHANNON        0053101120000099
6220531011215295014964       0000027705100            JOEL A. MACON           0053101120000100
622053000196000604521099     0000006677101            WILLIAM B. CLARK        0053101120000101
622053000196604508319        0000027705102            PATSY R. EFIRD          0053101120000102
6320531008500219926326       0000029837103            ALAN B. GILBERT         0053101120000103
6220530002191086122003380    0000027005104            JERRY W. JOHNSON        0053101120000104
62222148118111410011755303   0000071014105            ROBERT ADLER            0053101120000105
62225318453701100270385      0000016623106            SONNY RUSSELL           0053101120000106
62225317704908632381610      0000079518107            BONNIE E. WILLIAMSON    0053101120000107
6220530002191010108634888    0000097537108            DANNY L. MCCULLOUGH     0053101120000108
62225317704908632513935      0000069113109            THOMAS D NADEAU         0053101120000109
622053000196000183750827     0000093125110            ROBERT A CAMPBELL, JR.  0053101120000110
6220530002191086133027083    0000098832111            TERRY W. BREWER         0053101120000111
6220610001041000034841634    0000097976112            DARRELL D. TRIVETTE, I  0053101120000112
62225317704908630905599      0000093553113            GRANGER D. SOWARD, JR.  0053101120000113
62225317704908628566380      0000026171114            BRIAN S. COLLIE         0053101120000114
622053000196002370589725     0000062261115            JONATHAN G. BURTON      0053101120000115
6220610001040000532313170    0000080856116            SHEILA A. MALLARD       0053101120000116
632253177049002652481        0000100289117            CHRISTOPHER GUILL       0053101120000117
820000011716003619750000000000000000105995381566001193                         053101120000001
9000001000013000001171600361975000000000000000010599538                                       
9999999999999999999999999999999999999999999999999999999999999999999999999999999999999999999999
9999999999999999999999999999999999999999999999999999999999999999999999999999999999999999999999
9999999999999999999999999999999999999999999999999999999999999999999999999999999999999999999999
9999999999999999999999999999999999999999999999999999999999999999999999999999999999999999999999
9999999999999999999999999999999999999999999999999999999999999999999999999999999999999999999999
9999999999999999999999999999999999999999999999999999999999999999999999999999999999999999999999
9999999999999999999999999999999999999999999999999999999999999999999999999999999999999999999999
9999999999999999999999999999999999999999999999999999999999999999999999999999999999999999999999
9999999999999999999999999999999999999999999999999999999999999999999999999999999999999999999999
